@ARTICLE{Allen2014,
  AUTHOR = {Allen, Liz and Scott, Jo and Brand, Amy and Hlava, Marjorie and Altman, Micah},
  URL = {http://linkinghub.elsevier.com/retrieve/pii/S0899900705002789},
  DATE = {2014-04-16},
  DOI = {10.1038/508312a},
  ISSN = {0028-0836},
  JOURNALTITLE = {Nature},
  KEYWORDS = {CRediT},
  NUMBER = {7496},
  PAGES = {312--313},
  TITLE = {Publishing: {{Credit}} where credit is due},
  URLDATE = {2014-05-22},
  VOLUME = {508},
}

@ARTICLE{Lariviere2021,
  AUTHOR = {Larivière, Vincent and Pontille, David and Sugimoto, Cassidy R.},
  URL = {https://doi.org/10.1162/qss_a_00097},
  DATE = {2021-04-08},
  DOI = {10.1162/qss_a_00097},
  ISSN = {2641-3337},
  JOURNALTITLE = {Quantitative Science Studies},
  KEYWORDS = {CRediT},
  NUMBER = {1},
  PAGES = {111--128},
  SHORTJOURNAL = {Quantitative Science Studies},
  TITLE = {Investigating the division of scientific labor using the {{Contributor Roles Taxonomy}} ({{CRediT}})},
  URLDATE = {2023-05-29},
  VOLUME = {2},
}

@ARTICLE{McNutt2018,
  AUTHOR = {McNutt, Marcia K. and Bradford, Monica and Drazen, Jeffrey M. and Hanson, Brooks and Howard, Bob and Jamieson, Kathleen Hall and Kiermer, Véronique and Marcus, Emilie and Pope, Barbara Kline and Schekman, Randy and Swaminathan, Sowmya and Stang, Peter J. and Verma, Inder M.},
  PUBLISHER = {Proceedings of the National Academy of Sciences},
  URL = {https://www.pnas.org/doi/10.1073/pnas.1715374115},
  DATE = {2018-03-13},
  DOI = {10.1073/pnas.1715374115},
  JOURNALTITLE = {Proceedings of the National Academy of Sciences},
  KEYWORDS = {CRediT},
  NUMBER = {11},
  PAGES = {2557--2560},
  TITLE = {Transparency in authors' contributions and responsibilities to promote integrity in scientific publication},
  URLDATE = {2023-05-29},
  VOLUME = {115},
}

@ARTICLE{Braslavsky2007,
  AUTHOR = {Braslavsky, S. E.},
  URL = {http://iupac.org/publications/pac/79/3/0293/},
  DATE = {2007},
  DOI = {10.1351/pac200779030293},
  ISSN = {0033-4545},
  JOURNALTITLE = {Pure and Applied Chemistry},
  KEYWORDS = {IUPAC,nomenclature,photochemistry,starred,terminology},
  NUMBER = {3},
  PAGES = {293--465},
  TITLE = {Glossary of terms used in photochemistry, 3rd edition ({{IUPAC}} recommendations 2006)},
  URLDATE = {2011-07-21},
  VOLUME = {79},
}

@BOOK{Cohen2008,
  AUTHOR = {Cohen, E. Richard and Cvitas, Tomislav and Frey, Jeremy G. and Holmström, Bertil and Kuchitsu, Kozo and Marquardt, Roberto and Mills, Ian and Pavese, Franco and Quack, Martin and Stohner, Jürgen and Strauss, Herbert L. and Takami, Michio and Thor, Anders J.},
  LOCATION = {Cambridge},
  PUBLISHER = {IUPAC \& RSC Publishing},
  URL = {https://iupac.org/what-we-do/books/greenbook/},
  DATE = {2008},
  EDITION = {3},
  ISBN = {978-0-85404-433-7},
  KEYWORDS = {IUPAC,nomenclature,SI unit system,terminology},
  PAGETOTAL = {250},
  TITLE = {Quantities, units and symbols in physical chemistry: {{IUPAC}} green book},
}

@BOOK{IUPAC2012,
  AUTHOR = {{IUPAC}},
  PUBLISHER = {IUPAC},
  DATE = {2012},
  KEYWORDS = {IUPAC,nomenclature,terminology},
  TITLE = {Compendium of chemical terminology: {{IUPAC}} gold book},
}

@ARTICLE{Verhoeven1996,
  AUTHOR = {Verhoeven, J. W.},
  URL = {http://iupac.org/publications/pac/68/12/2223/},
  DATE = {1996},
  DOI = {10.1351/pac199668122223},
  ISSN = {0033-4545},
  JOURNALTITLE = {Pure and Applied Chemistry},
  KEYWORDS = {IUPAC,nomenclature,photochemistry,terminology},
  NUMBER = {12},
  PAGES = {2223--2286},
  TITLE = {Glossary of terms used in photochemistry ({{IUPAC}} recommendations 1996)},
  URLDATE = {2011-12-15},
  VOLUME = {68},
}

@ARTICLE{Edvinsson2018,
  AUTHOR = {Edvinsson, Tomas},
  URL = {http://rsos.royalsocietypublishing.org/lookup/doi/10.1098/rsos.180387},
  DATE = {2018-09-12},
  DOI = {10.1098/rsos.180387},
  ISSN = {2054-5703},
  JOURNALTITLE = {Royal Society Open Science},
  KEYWORDS = {Edvinsson,nanotechnology,photochemistry,quantum confinement,starred,TE-highlight},
  NUMBER = {9},
  PAGES = {180387},
  SHORTJOURNAL = {R. Soc. Open Sci.},
  TITLE = {Optical quantum confinement and photocatalytic properties in two-, one- and zero-dimensional nanostructures},
  VOLUME = {5},
}

@ARTICLE{Giovannini2015,
  AUTHOR = {Giovannini, Daniel and Romero, Jacquiline and Potoček, Václav and Ferenczi, Gergely and Speirits, Fiona and Barnett, Stephen M. and Faccio, Daniele and Padgett, Miles J.},
  PUBLISHER = {American Association for the Advancement of Science},
  URL = {https://www.science.org/doi/10.1126/science.aaa3035},
  DATE = {2015-02-20},
  DOI = {10.1126/science.aaa3035},
  JOURNALTITLE = {Science},
  NUMBER = {6224},
  PAGES = {857--860},
  TITLE = {Spatially structured photons that travel in free space slower than the speed of light},
  URLDATE = {2023-06-15},
  VOLUME = {347},
}

@BOOK{Stenzel2005,
  AUTHOR = {Stenzel, Olaf},
  EDITORB = {{G. Ertl, H. Lüth, D. L. Mills}},
  PUBLISHER = {Springer},
  DATE = {2005},
  EDITORBTYPE = {redactor},
  ISBN = {978-3-540-23147-9},
  KEYWORDS = {thin films,UV-Vis spectrometry},
  TITLE = {The physics of thin film optical spectra: an introduction},
}

@ARTICLE{Kahn2015,
  AUTHOR = {Kahn, Antoine},
  PUBLISHER = {Royal Society of Chemistry},
  URL = {http://xlink.rsc.org/?DOI=c3mh00043e},
  DATE = {2015},
  DOI = {10.1039/c3mh00043e},
  ISSN = {2051-6347},
  JOURNALTITLE = {Materials Horizons},
  KEYWORDS = {Fermi level,work function},
  NUMBER = {1},
  TITLE = {Fermi level, work function and vacuum level},
  VOLUME = {1},
}

@ARTICLE{Trasatti1986,
  AUTHOR = {Trasatti, S.},
  URL = {http://iupac.org/publications/pac/58/7/0955/},
  DATE = {1986-01-01},
  DOI = {10.1351/pac198658070955},
  ISSN = {1365-3075},
  JOURNALTITLE = {Pure and Applied Chemistry},
  KEYWORDS = {reference electrode},
  NUMBER = {7},
  PAGES = {955--966},
  TITLE = {The absolute electrode potential: an explanatory note ({{Recommendations}} 1986)},
  VOLUME = {58},
}

@BOOK{Schneider2005,
  AUTHOR = {Schneider, Eric D. and Sagan, Dorion},
  LOCATION = {Chicago},
  PUBLISHER = {University of Chicago Press},
  DATE = {2005},
  ISBN = {978-0-226-73936-6},
  KEYWORDS = {Termodynamik},
  SHORTTITLE = {Into the cool},
  TITLE = {Into the cool: energy flow, thermodynamics, and life},
}

@BOOK{Perlin2013,
  AUTHOR = {Perlin, John},
  LOCATION = {Novato, California},
  PUBLISHER = {New World Library},
  DATE = {2013},
  ISBN = {978-1-60868-132-7},
  TITLE = {Let it shine: the 6000-year story of solar energy},
}

@ARTICLE{Arrhenius1896,
  AUTHOR = {Arrhenius, Svante},
  URL = {https://doi.org/10.1080/14786449608620846},
  DATE = {1896-04-01},
  DOI = {10.1080/14786449608620846},
  ISSN = {1941-5982},
  JOURNALTITLE = {The London, Edinburgh, and Dublin Philosophical Magazine and Journal of Science},
  NUMBER = {251},
  PAGES = {237--276},
  TITLE = {{{XXXI}}. {{On}} the influence of carbonic acid in the air upon the temperature of the ground},
  URLDATE = {2019-07-02},
  VOLUME = {41},
}

@ARTICLE{Tyndall1861,
  AUTHOR = {Tyndall, John},
  PUBLISHER = {Royal Society},
  URL = {https://royalsocietypublishing.org/doi/10.1098/rstl.1861.0001},
  DATE = {1861},
  DOI = {10.1098/rstl.1861.0001},
  JOURNALTITLE = {Philosophical Transactions of the Royal Society of London},
  PAGES = {1--36},
  TITLE = {I. {{The Bakerian Lecture}}.—{{On}} the absorption and radiation of heat by gases and vapours, and on the physical connexion of radiation, absorption, and conduction},
  URLDATE = {2023-07-28},
  VOLUME = {151},
}

@ARTICLE{Jackson2019,
  AUTHOR = {Jackson, Roland},
  PUBLISHER = {Royal Society},
  URL = {https://royalsocietypublishing.org/doi/10.1098/rsnr.2018.0066},
  DATE = {2019-02-13},
  DOI = {10.1098/rsnr.2018.0066},
  JOURNALTITLE = {Notes and Records: the Royal Society Journal of the History of Science},
  KEYWORDS = {climate science,Eunice Foote,John Tyndall,radiant heat},
  NUMBER = {1},
  PAGES = {105--118},
  TITLE = {Eunice {{Foote}}, {{John Tyndall}} and a question of priority},
  URLDATE = {2023-07-28},
  VOLUME = {74},
}

@ARTICLE{Thomson1897,
  AUTHOR = {Thomson, J. J.},
  PUBLISHER = {Taylor \& Francis},
  URL = {https://doi.org/10.1080/14786449708621070},
  DATE = {1897-10-01},
  DOI = {10.1080/14786449708621070},
  ISSN = {1941-5982},
  JOURNALTITLE = {The London, Edinburgh, and Dublin Philosophical Magazine and Journal of Science},
  NUMBER = {269},
  PAGES = {293--316},
  TITLE = {{{XL}}. {{Cathode}} rays},
  URLDATE = {2023-07-28},
  VOLUME = {44},
}

@ARTICLE{Hudson2023,
  AUTHOR = {Hudson, Marc},
  URL = {https://theconversation.com/climate-change-first-went-viral-exactly-70-years-ago-205508},
  DATE = {2023},
  ENTRYSUBTYPE = {magazine},
  JOURNALTITLE = {The Conversation},
  TITLE = {Climate change first "went viral" exactly 70 years ago},
  URLDATE = {2023-07-28},
}

@INBOOK{Nordhaus1972,
  AUTHOR = {Nordhaus, William D. and Tobin, James},
  BOOKAUTHOR = {Nordhaus, William D. and Tobin, James},
  PUBLISHER = {National Bureau of Economic Research},
  URL = {https://www.nber.org/chapters/c7620.pdf},
  BOOKTITLE = {Economic research: retrospect and prospect},
  DATE = {1972},
  ISBN = {0-87014-254-2},
  SERIES = {Economic growth},
  TITLE = {Is growth obsolete?},
  VOLUME = {5},
}

@BOOK{Nordhaus1994,
  AUTHOR = {Nordhaus, William D.},
  LOCATION = {Cambridge, Mass.},
  PUBLISHER = {MIT},
  DATE = {1994},
  ISBN = {978-0-262-14055-3},
  KEYWORDS = {Global uppvärmning-- ekonomiska aspekter,Klimatförändringar-- ekonomiska aspekter,Matematiska modeller},
  SHORTTITLE = {Managing the global commons},
  TITLE = {Managing the global commons: the economics of climate change},
}

@REPORT{IRENA2019,
  AUTHOR = {{IRENA}},
  URL = {https://www.irena.org/-/media/Files/IRENA/Agency/Publication/2019/Jan/Global_commission_geopolitics_new_world_2019.pdf},
  DATE = {2019},
  TITLE = {A new world: the geopolitics of the energy transformation},
  URLDATE = {2022-02-17},
}

@ARTICLE{Persson2022,
  AUTHOR = {Persson, Linn and Carney Almroth, Bethanie M. and Collins, Christopher D. and Cornell, Sarah and de Wit, Cynthia A. and Diamond, Miriam L. and Fantke, Peter and Hassellöv, Martin and MacLeod, Matthew and Ryberg, Morten W. and Søgaard Jørgensen, Peter and Villarrubia-Gómez, Patricia and Wang, Zhanyun and Hauschild, Michael Zwicky},
  PUBLISHER = {American Chemical Society},
  URL = {https://doi.org/10.1021/acs.est.1c04158},
  DATE = {2022-02-01},
  DOI = {10.1021/acs.est.1c04158},
  ISSN = {0013-936X},
  JOURNALTITLE = {Environmental Science \& Technology},
  NUMBER = {3},
  PAGES = {1510--1521},
  SHORTJOURNAL = {Environ. Sci. Technol.},
  TITLE = {Outside the safe operating space of the planetary boundary for novel entities},
  URLDATE = {2023-05-28},
  VOLUME = {56},
}

@BOOK{Meadows1972,
  AUTHOR = {Meadows, Donella H. and Meadows, Dennis L. and Randers, Jorgen and Behrens, William W.},
  PUBLISHER = {Universe Books},
  DATE = {1972},
  ISBN = {0-87663-165-0},
  TITLE = {The limits to growth},
}

@BOOK{Wolfson2018,
  AUTHOR = {Wolfson, Richard},
  PUBLISHER = {W. W. Norton \& Company},
  DATE = {2018},
  EDITION = {3},
  ISBN = {978-0-393-62291-1},
  TITLE = {Energy, environment, and climate},
}

@BOOK{Haldane1923,
  AUTHOR = {Haldane, J. B. S.},
  LOCATION = {New York},
  PUBLISHER = {E. P. Kutton \& Company},
  DATE = {1923},
  TITLE = {Daedalus or science and the future},
}

@BOOK{Rajeshwar2008,
  AUTHOR = {Rajeshwar, Krishnan and McConnell, Robert and Licht, Stuart},
  EDITOR = {Rajeshwar, Krishnan and McConnell, Robert and Licht, Stuart},
  PUBLISHER = {Springer},
  DATE = {2008},
  ISBN = {978-0-387-72809-4},
  JOURNALTITLE = {Water},
  KEYWORDS = {PCPEC grad course,solar fuel},
  TITLE = {Solar hydrogen generation: toward a renewable energy future},
}

@THESIS{Roos2021,
  AUTHOR = {Roos, Andreas},
  INSTITUTION = {Lund University},
  URL = {https://portal.research.lu.se/portal/en/publications/renewing-power(7fbb4a11-8b90-4064-beec-e6a2eb3d4223).html},
  DATE = {2021-03-30},
  ISBN = {9789178958009},
  LANGID = {english},
  SHORTTITLE = {Renewing power},
  TITLE = {Renewing power: {{Including}} global asymmetries within the system boundaries of solar photovoltaic technology},
  URLDATE = {2021-10-05},
}

@REPORT{WWAP2020,
  AUTHOR = {{United Nations World Water Assessment Programme}},
  INSTITUTION = {United Nations Educational, Scientific and Cultural Organization},
  LOCATION = {Paris},
  URL = {http://www.unesco.org/new/en/natural-sciences/environment/water/wwap/wwdr/},
  DATE = {2020},
  ISBN = {978-92-3-100371-4},
  TITLE = {The {{United Nations}} world water development report 2020},
  URLDATE = {2020-04-03},
}

@REPORT{Wilson2012,
  AUTHOR = {Wilson, Wendy and Leipzig, Travis and Griffiths-Sattenspiel, Bevan},
  INSTITUTION = {River Network},
  URL = {https://www.rivernetwork.org/wp-content/uploads/2015/10/BurningOurRivers_0.pdf},
  DATE = {2012},
  KEYWORDS = {water management},
  TITLE = {Burning our rivers: {{The}} water footprint of electricity},
  URLDATE = {2019-07-27},
}

@ARTICLE{Wang2019,
  AUTHOR = {Wang, Wenbin and Shi, Yusuf and Zhang, Chenlin and Hong, Seunghyun and Shi, Le and Chang, Jian and Li, Renyuan and Jin, Yong and Ong, Chisiang and Zhuo, Sifei and Wang, Peng},
  URL = {https://www.nature.com/articles/s41467-019-10817-6},
  DATE = {2019-07-09},
  DOI = {10.1038/s41467-019-10817-6},
  ISSN = {2041-1723},
  JOURNALTITLE = {Nature Communications},
  KEYWORDS = {water management,water purification},
  LANGID = {english},
  NUMBER = {1},
  PAGES = {3012},
  TITLE = {Simultaneous production of fresh water and electricity via multistage solar photovoltaic membrane distillation},
  URLDATE = {2019-07-27},
  VOLUME = {10},
}

@BOOK{Bollen2011,
  AUTHOR = {Bollen, Math and Hassan, Fainan},
  EDITOR = {El-Hawary, Mohamed E.},
  PUBLISHER = {Institute of Electrical and Electronics Engineers},
  URL = {https://onlinelibrary.wiley.com/doi/book/10.1002/9781118029039},
  DATE = {2011},
  DOI = {10.1002/9781118029039},
  ISBN = {978-0-470-64337-2},
  TITLE = {Integration of distributed generation in the power system},
}

@ARTICLE{NilssonPingel2018,
  AUTHOR = {Nilsson Pingel, Torben and Jørgensen, Mikkel and Yankovich, Andrew B. and Grönbeck, Henrik and Olsson, Eva},
  PUBLISHER = {Nature Publishing Group},
  URL = {https://www.nature.com/articles/s41467-018-05055-1},
  ANNOTATION = {Bandiera\_abtest: a Cc\_license\_type: cc\_by Cg\_type: Nature Research Journals Primary\_atype: Research Subject\_term: Computational chemistry;Heterogeneous catalysis;Materials for energy and catalysis;Nanoparticles;Transmission electron microscopy Subject\_term\_id: computational-chemistry;heterogeneous-catalysis;materials-for-energy-and-catalysis;nanoparticles;transmission-electron-microscopy},
  DATE = {2018-07-13},
  DOI = {10.1038/s41467-018-05055-1},
  ISSN = {2041-1723},
  ISSUE = {1},
  JOURNALTITLE = {Nature Communications},
  LANGID = {english},
  NUMBER = {1},
  PAGES = {2722},
  SHORTJOURNAL = {Nat Commun},
  TITLE = {Influence of atomic site-specific strain on catalytic activity of supported nanoparticles},
  URLDATE = {2021-10-21},
  VOLUME = {9},
}

@INCOLLECTION{Ma2005,
  AUTHOR = {Ma, Zhen and Zaera, Francisco},
  PUBLISHER = {Wiley},
  URL = {https://doi.org/10.1002/0470862106.ia084},
  BOOKTITLE = {Encyclopedia of inorganic chemistry},
  DATE = {2005},
  DOI = {10.1002/0470862106.ia084},
  TITLE = {Heterogeneous catalysis by metals},
}

@ARTICLE{Mills1997,
  AUTHOR = {Mills, Andrew and Le Hunte, Stephen},
  URL = {http://linkinghub.elsevier.com/retrieve/pii/S1010603097001184},
  DATE = {1997-07},
  DOI = {10.1016/S1010-6030(97)00118-4},
  ISSN = {1010-6030},
  JOURNALTITLE = {Journal of Photochemistry and Photobiology A: Chemistry},
  KEYWORDS = {anatase,band positions,cadmium sulfide,iron oxide,photocatalysis illustration,rutile,strontium titanate,titanium oxide,tungsten oxide},
  NUMBER = {1},
  PAGES = {1--35},
  TITLE = {An overview of semiconductor photocatalysis},
  VOLUME = {108},
}

@BOOK{Suppan1994,
  AUTHOR = {Suppan, P.},
  PUBLISHER = {The Royal Society of Chemistry},
  URL = {https://books.rsc.org/books/book/1222/Chemistry-and-Light},
  DATE = {1994-01-31},
  DOI = {10.1039/9781847550439},
  ISBN = {978-0-85186-814-1},
  LANGID = {english},
  TITLE = {Chemistry and light},
  URLDATE = {2023-10-18},
}

@ARTICLE{Akyol2004,
  AUTHOR = {Akyol, A. and Yatmaz, H. C. and Bayramoglu, M.},
  URL = {http://linkinghub.elsevier.com/retrieve/pii/S0926337304003595},
  DATE = {2004-11},
  DOI = {10.1016/j.apcatb.2004.05.021},
  ISSN = {09263373},
  JOURNALTITLE = {Applied Catalysis B: Environmental},
  KEYWORDS = {Azo-reactive dye,decolourization,photocatalysis,photodegradation,Textile wastewater,tin oxide,TiO2,titanium oxide,zinc oxide,ZnO},
  NUMBER = {1},
  PAGES = {19--24},
  TITLE = {Photocatalytic decolorization of {{Remazol Red RR}} in aqueous {{ZnO}} suspensions},
  VOLUME = {54},
}

@ARTICLE{Rajeshwar2015,
  AUTHOR = {Rajeshwar, Krishnan and Thomas, Abegayl and Janáky, Csaba},
  URL = {http://pubs.acs.org/doi/abs/10.1021/jz502586p},
  DATE = {2015-01-02},
  DOI = {10.1021/jz502586p},
  EPRINT = {26263102},
  EPRINTTYPE = {pmid},
  ISSN = {1948-7185},
  JOURNALTITLE = {Journal of Physical Chemistry Letters},
  KEYWORDS = {photocatalysis illustration,starred},
  NUMBER = {1},
  PAGES = {139--147},
  SHORTJOURNAL = {J. Phys. Chem. Lett.},
  TITLE = {Photocatalytic activity of inorganic semiconductor surfaces: myths, hype, and reality},
  VOLUME = {6},
}

@INCOLLECTION{Zhu2011,
  AUTHOR = {Zhu, Jiefang and Chakarov, Dinko and Zäch, Michael},
  EDITOR = {Zang, Ling},
  LOCATION = {London},
  PUBLISHER = {Springer London},
  URL = {http://www.springerlink.com/index/10.1007/978-0-85729-638-2},
  BOOKTITLE = {Energy {{Efficiency}} and {{Renewable Energy Through Nanotechnology}}},
  DATE = {2011},
  DOI = {10.1007/978-0-85729-638-2_13},
  ISBN = {978-0-85729-637-5},
  KEYWORDS = {PCPEC grad course},
  TITLE = {Nanostructured materials for photolytic hydrogen production},
  URLDATE = {2011-09-09},
}

@ARTICLE{Maeda2011,
  AUTHOR = {Maeda, Kazuhiko},
  PUBLISHER = {Elsevier B.V.},
  URL = {http://linkinghub.elsevier.com/retrieve/pii/S1389556711000505},
  DATE = {2011-12},
  DOI = {10.1016/j.jphotochemrev.2011.07.001},
  ISSN = {13895567},
  JOURNALTITLE = {Journal of Photochemistry and Photobiology C: Photochemistry Reviews},
  KEYWORDS = {artificial photosynthesis},
  NUMBER = {4},
  PAGES = {237--268},
  TITLE = {Photocatalytic water splitting using semiconductor particles: {{History}} and recent developments},
  URLDATE = {2011-09-02},
  VOLUME = {12},
}

@ARTICLE{Vesborg2012,
  AUTHOR = {{Peter C. K. Vesborg} and Jaramillo, Thomas F.},
  PUBLISHER = {The Royal Society of Chemistry},
  URL = {http://pubs.rsc.org/en/content/articlelanding/2012/ra/c2ra20839c},
  DATE = {2012-08-21},
  DOI = {10.1039/C2RA20839C},
  ISSN = {2046-2069},
  JOURNALTITLE = {RSC Advances},
  LANGID = {english},
  NUMBER = {21},
  PAGES = {7933--7947},
  SHORTJOURNAL = {RSC Adv.},
  SHORTTITLE = {Addressing the terawatt challenge},
  TITLE = {Addressing the terawatt challenge: scalability in the supply of chemical elements for renewable energy},
  URLDATE = {2021-11-19},
  VOLUME = {2},
}

@ARTICLE{vonEibner1911,
  AUTHOR = {von Eibner, A.},
  ANNOTATION = {Action of light on pigments},
  DATE = {1911},
  JOURNALTITLE = {Chemiker-Zeitung},
  LANGID = {german},
  NUMBER = {82},
  PAGES = {753--755},
  TITLE = {Über Lichtwirkungen auf Malerfarbstoffe. I.},
  VOLUME = {35},
}

@ARTICLE{Markham1953,
  AUTHOR = {Markham, Maria C. and Laidler, Keith J.},
  PUBLISHER = {American Chemical Society},
  URL = {https://doi.org/10.1021/j150504a027},
  DATE = {1953-03-01},
  DOI = {10.1021/j150504a027},
  ISSN = {0022-3654},
  JOURNALTITLE = {The Journal of Physical Chemistry},
  NUMBER = {3},
  PAGES = {363--369},
  SHORTJOURNAL = {J. Phys. Chem.},
  TITLE = {A kinetic study of photo-oxidations on the surface of zinc oxide in aqueous suspensions},
  URLDATE = {2023-03-31},
  VOLUME = {57},
}

@ARTICLE{Markham1955,
  AUTHOR = {Markham, Sister Clare},
  PUBLISHER = {American Chemical Society},
  URL = {https://doi.org/10.1021/ed032p540},
  DATE = {1955-10-01},
  DOI = {10.1021/ed032p540},
  ISSN = {0021-9584},
  JOURNALTITLE = {Journal of Chemical Education},
  NUMBER = {10},
  PAGES = {540},
  SHORTJOURNAL = {J. Chem. Educ.},
  TITLE = {Photocatalytic properties of oxides},
  URLDATE = {2023-03-31},
  VOLUME = {32},
}

@INCOLLECTION{Boschloo2006,
  AUTHOR = {Boschloo, Gerrit and Edvinsson, Tomas and Hagfeldt, Anders},
  EDITOR = {Soga, Tetsuo},
  PUBLISHER = {Elsevier},
  URL = {http://linkinghub.elsevier.com/retrieve/pii/B9780444528445500093},
  BOOKTITLE = {Nanostructured materials for solar energy conversion},
  DATE = {2006},
  DOI = {10.1016/B978-044452844-5/50009-3},
  ISBN = {978-0-444-52844-5},
  KEYWORDS = {DSSC,Edvinsson,zinc oxide},
  PAGES = {227--254},
  TITLE = {Dye-sensitized nanostructured {{ZnO}} electrodes for solar cell applications},
}

@ARTICLE{Jacobsson2012a,
  AUTHOR = {Jacobsson, Jesper Tor and Edvinsson, Tomas},
  DATE = {2012},
  DOI = {10.1021/jp302220w},
  ISSN = {1932-7447},
  JOURNALTITLE = {Journal of Physical Chemistry C},
  KEYWORDS = {Edvinsson,quantum dots,zinc oxide},
  NUMBER = {29},
  PAGES = {15692--15701},
  SHORTJOURNAL = {J. Phys. Chem. C},
  TITLE = {Photoelectrochemical determination of the absolute band edge positions as a function of particle size for {{ZnO}} quantum dots},
  VOLUME = {116},
}

@ARTICLE{Aphalo2015,
  AUTHOR = {Aphalo, Pedro J.},
  URL = {https://bulletin.uv4plants.org/index.php/uv4pbulletin/article/view/16},
  DATE = {2015-12-01},
  DOI = {10.19232/uv4pb.2015.1.14},
  ISSN = {2343-323X},
  ISSUE = {1},
  JOURNALTITLE = {UV4Plants Bulletin},
  KEYWORDS = {spectral irradiance},
  LANGID = {english},
  NUMBER = {1},
  PAGES = {21--29},
  SHORTJOURNAL = {UV4PB},
  SHORTTITLE = {The r4photobiology suite},
  TITLE = {The r4photobiology suite: spectral irradiance},
  URLDATE = {2020-10-17},
  VOLUME = {2015},
}

@ARTICLE{Montanarella2022,
  AUTHOR = {Montanarella, Federico and Kovalenko, Maksym V.},
  PUBLISHER = {American Chemical Society},
  URL = {https://doi.org/10.1021/acsnano.1c11159},
  DATE = {2022-04-26},
  DOI = {10.1021/acsnano.1c11159},
  ISSN = {1936-0851},
  JOURNALTITLE = {ACS Nano},
  NUMBER = {4},
  PAGES = {5085--5102},
  SHORTJOURNAL = {ACS Nano},
  TITLE = {Three millennia of nanocrystals},
  URLDATE = {2023-10-23},
  VOLUME = {16},
}

@ARTICLE{Wolpert2009,
  AUTHOR = {Wolpert, H. D.},
  DATE = {2009},
  JOURNALTITLE = {Optics and Photonics News},
  KEYWORDS = {optics},
  NUMBER = {2},
  PAGES = {22--27},
  TITLE = {Optical filters in {{Nature}}},
  VOLUME = {20},
}

@ARTICLE{Dunning2023,
  AUTHOR = {Dunning, Jamie and Patil, Anvay and D'Alba, Liliana and Bond, Alexander L. and Debruyn, Gerben and Dhinojwala, Ali and Shawkey, Matthew and Jenni, Lukas},
  PUBLISHER = {Royal Society},
  URL = {https://royalsocietypublishing.org/doi/10.1098/rsif.2022.0920},
  DATE = {2023-03},
  DOI = {10.1098/rsif.2022.0920},
  JOURNALTITLE = {Journal of The Royal Society Interface},
  KEYWORDS = {electron microscopy,finite-difference time-domain modelling,reflectance,Scolopax,spectrophotometry,visual communication},
  NUMBER = {200},
  PAGES = {20220920},
  TITLE = {How woodcocks produce the most brilliant white plumage patches among the birds},
  URLDATE = {2023-04-12},
  VOLUME = {20},
}

@ARTICLE{Aitken1888,
  AUTHOR = {Aitken, John},
  URL = {http://www-nature-com/articles/037428a0},
  DATE = {1888-03-01},
  DOI = {10.1038/037428a0},
  ISSN = {1476-4687},
  JOURNALTITLE = {Nature},
  LANGID = {english},
  NUMBER = {957},
  PAGES = {428--430},
  TITLE = {On the number of dust particles in the atmosphere},
  URLDATE = {2019-08-28},
  VOLUME = {37},
}

@ARTICLE{Aitken1891,
  AUTHOR = {Aitken, John},
  URL = {http://www-cambridge-org/core/journals/proceedings-of-the-royal-society-of-edinburgh/article/on-the-number-of-dust-particles-in-the-atmosphere-of-certain-places-in-great-britain-and-on-the-continent-with-remarks-on-the-relation-between-the-amount-of-dust-and-meteorological-phenomena/068AE57BA574C634CA3FE4FFEAEA998D},
  DATE = {1891},
  DOI = {10.1017/S0370164600006933},
  ISSN = {0370-1646},
  JOURNALTITLE = {Proceedings of the Royal Society of Edinburgh},
  LANGID = {english},
  PAGES = {193--254},
  TITLE = {On the number of dust particles in the atmosphere of certain places in {{Great Britain}} and on the continent, with remarks on the relation between the amount of dust and meteorological phenomena},
  URLDATE = {2019-08-28},
  VOLUME = {17},
}

@INCOLLECTION{Schummer2008,
  AUTHOR = {Schummer, Joachim},
  EDITOR = {Cutter, Mark and Gordijn, Bert},
  PUBLISHER = {Springer},
  BOOKTITLE = {In pursuit of nanoethics},
  DATE = {2008},
  PAGES = {1--11},
  TITLE = {On the novelty of nanotechnology: a philosophical essay},
}

@ARTICLE{Mitchell2019,
  AUTHOR = {Mitchell, Stephanie L. and Hudson-Smith, Natalie V. and Cahill, Meghan S. and Reynolds, Benjamin N. and Frand, Seth D. and Green, Curtis M. and Wang, Chenyu and Hang, Mimi N. and Hernandez, Rodrigo Tapia and Hamers, Robert J. and Feng, Z. Vivian and Haynes, Christy L. and Carlson, Erin E.},
  URL = {http://pubs-rsc-org/en/content/articlelanding/2019/sc/c9sc01942a},
  DATE = {2019-08-30},
  DOI = {10.1039/C9SC01942A},
  ISSN = {2041-6539},
  JOURNALTITLE = {Chemical Science},
  LANGID = {english},
  SHORTJOURNAL = {Chem. Sci.},
  TITLE = {Chronic exposure to complex metal oxide nanoparticles elicits rapid resistance in {{Shewanella}} oneidensis {{MR-1}}},
  URLDATE = {2019-10-10},
}

@ARTICLE{Kim2016a,
  AUTHOR = {Kim, Sung Eun and Zhang, Li and Ma, Kai and Riegman, Michelle and Chen, Feng and Ingold, Irina and Conrad, Marcus and Turker, Melik Ziya and Gao, Minghui and Jiang, Xuejun and Monette, Sebastien and Pauliah, Mohan and Gonen, Mithat and Zanzonico, Pat and Quinn, Thomas and Wiesner, Ulrich and Bradbury, Michelle S. and Overholtzer, Michael},
  URL = {http://dx.doi.org/10.1038/nnano.2016.164%5Cnhttp://www.nature.com/doifinder/10.1038/nnano.2016.164},
  DATE = {2016-09-26},
  DOI = {10.1038/nnano.2016.164},
  ISSN = {1748-3387},
  JOURNALTITLE = {Nature Nanotechnology},
  NUMBER = {11},
  PAGES = {977--985},
  SHORTJOURNAL = {Nat. Nanotechnol.},
  TITLE = {Ultrasmall nanoparticles induce ferroptosis in nutrient-deprived cancer cells and suppress tumour growth},
  VOLUME = {11},
}

@ARTICLE{Reed2012,
  AUTHOR = {Reed, Robert B. and Ladner, David A. and Higgins, Christopher P. and Westerhoff, Paul and Ranville, James F.},
  URL = {http://doi.wiley.com/10.1002/etc.708},
  DATE = {2012-01},
  DOI = {10.1002/etc.708},
  EPRINT = {21994124},
  EPRINTTYPE = {pmid},
  ISSN = {0730-7268},
  JOURNALTITLE = {Environmental Toxicology and Chemistry},
  KEYWORDS = {Cell culture media,Nanoparticle dissolution,Zinc ion release,Zinc solid precipitation},
  NUMBER = {1},
  PAGES = {93--99},
  SHORTJOURNAL = {Environ. Toxicol. Chem.},
  TITLE = {Solubility of nano-zinc oxide in environmentally and biologically important matrices},
  VOLUME = {31},
}

@ARTICLE{Maynard2011,
  AUTHOR = {Maynard, Andrew D. and Warheit, David B. and Philbert, Martin A.},
  DATE = {2011},
  DOI = {10.1093/toxsci/kfq372},
  EPRINT = {21177774},
  EPRINTTYPE = {pmid},
  ISSN = {10966080},
  ISSUE = {SUPPL.1},
  JOURNALTITLE = {Toxicological Sciences},
  KEYWORDS = {Biointeractions,Biokinetics,Dose,Engineered nanomaterials,Nanotechnology,Nanotoxicology,Physicochemical characterization},
  PAGES = {S109--S129},
  SHORTJOURNAL = {Toxicol. Sci.},
  TITLE = {The new toxicology of sophisticated materials: nanotoxicology and beyond},
  VOLUME = {120},
}

@ARTICLE{Maynard2015,
  AUTHOR = {Maynard, Andrew D.},
  URL = {http://www-nature-com/articles/nnano.2015.120},
  DATE = {2015-06-03},
  DOI = {10.1038/nnano.2015.120},
  ISSN = {1748-3395},
  JOURNALTITLE = {Nature Nanotechnology},
  LANGID = {english},
  PAGES = {482--483},
  TITLE = {Learning from the past},
  URLDATE = {2019-08-28},
  VOLUME = {10},
}

@ARTICLE{Bernhardt2017,
  AUTHOR = {Bernhardt, Emily S and Rosi, Emma J and Gessner, Mark O},
  URL = {http://onlinelibrary.wiley.com/doi/abs/10.1002/fee.1450},
  DATE = {2017},
  DOI = {10.1002/fee.1450},
  ISSN = {1540-9309},
  JOURNALTITLE = {Frontiers in Ecology and the Environment},
  LANGID = {english},
  NUMBER = {2},
  PAGES = {84--90},
  TITLE = {Synthetic chemicals as agents of global change},
  URLDATE = {2021-10-07},
  VOLUME = {15},
}

@REPORT{Naturvardsverket2017,
  AUTHOR = {{Naturvårdsverket}},
  INSTITUTION = {Naturvårdsverket},
  LOCATION = {Stockholm},
  URL = {http://www.naturvardsverket.se/Documents/publikationer6400/978-91-620-6766-3.pdf},
  DATE = {2017},
  ISBN = {978-91-620-6766-3},
  KEYWORDS = {waste water management,water management},
  NUMBER = {6766},
  PAGES = {86},
  SHORTTITLE = {Avancerad rening av avloppsvatten för avskiljning av läkemedelsrester och andra oönskade ämnen},
  TITLE = {{{Avancerad rening av avloppsvatten för avskiljning av läkemedelsrester och andra oönskade ämnen: behov, teknik och konsekvenser}}},
  URLDATE = {2021-10-07},
}

@ARTICLE{Oaks2004,
  AUTHOR = {Oaks, J Lindsay and Gilbert, Martin and Virani, Munir Z and Watson, Richard T and Meteyer, Carol U and Rideout, Bruce A and Shivaprasad, H L and Ahmed, Shakeel and Iqbal Chaudhry, Muhammad Jamshed and Arshad, Muhammad and Mahmood, Shahid and Ali, Ahmad and Ahmed Khan, Aleem},
  URL = {http://www.nature.com/articles/nature02317},
  DATE = {2004-02-28},
  DOI = {10.1038/nature02317},
  ISSN = {0028-0836},
  JOURNALTITLE = {Nature},
  KEYWORDS = {pharmaceuticals,photocatalytic degradation},
  NUMBER = {6975},
  PAGES = {630--633},
  TITLE = {Diclofenac residues as the cause of vulture population decline in {{Pakistan}}},
  VOLUME = {427},
}

@ARTICLE{Limmer2001,
  AUTHOR = {Limmer, S. J. and Seraji, Seana and Forbess, Mike J and Wu, Yun and Chou, Tammy P and Nguyen, Carolyn and Cao, G. Z.},
  URL = {http://doi.wiley.com/10.1002/1521-4095%28200108%2913%3A16%3C1269%3A%3AAID-ADMA1269%3E3.0.CO%3B2-S},
  DATE = {2001-08},
  DOI = {10.1002/1521-4095(200108)13:16<1269::AID-ADMA1269>3.0.CO;2-S},
  ISSN = {09359648},
  JOURNALTITLE = {Advanced Materials},
  KEYWORDS = {electrodeposition,electrophoretic deposition,lead zirconate titanate,nanorods,template-assisted synthesis,template-hard,template-PC},
  NUMBER = {16},
  PAGES = {1269--1272},
  TITLE = {Electrophoretic growth of lead zirconate titanate nanorods},
  URLDATE = {2010-12-13},
  VOLUME = {13},
}

@ARTICLE{Limmer2002,
  AUTHOR = {Limmer, S.J. and Seraji, Seana and Wu, Yun and Chou, T.P. and Nguyen, Carolyn and Cao, G.Z.},
  URL = {http://doi.wiley.com/10.1002/1616-3028%2820020101%2912%3A1%3C59%3A%3AAID-ADFM59%3E3.0.CO%3B2-B},
  DATE = {2002-01},
  DOI = {10.1002/1616-3028(20020101)12:1<59::AID-ADFM59>3.0.CO;2-B},
  ISSN = {1616301X},
  JOURNALTITLE = {Advanced Functional Materials},
  KEYWORDS = {barium titanate,electrodeposition,electrophoretic deposition,lead zirconate titanate,nanorods,silicon oxide,sol-gel synthesis,strontium niobate,template-assisted synthesis,template-hard,template-PC,titanium isopropoxide,titanium oxide},
  NUMBER = {1},
  PAGES = {59},
  TITLE = {Template-based growth of various oxide nanorods by sol-gel electrophoresis},
  URLDATE = {2010-12-13},
  VOLUME = {12},
}

@ARTICLE{Chu2003,
  AUTHOR = {Chu, S.Z. and Wada, K. and Inoue, S. and Todoroki, S.},
  URL = {http://linkinghub.elsevier.com/retrieve/pii/S001346860300344X},
  DATE = {2003-09},
  DOI = {10.1016/S0013-4686(03)00344-X},
  ISSN = {00134686},
  JOURNALTITLE = {Electrochimica Acta},
  KEYWORDS = {al 2 o 3,anodization,cathodic deposition,composite nanostructure,electrodeposition,glass,nickel,ruo 2,ruthenium oxide,template-assisted synthesis,tio 2 ã,titanium oxide,transparent conductive electrode},
  NUMBER = {20-22},
  PAGES = {3147--3153},
  TITLE = {Fabrication and characteristics of nanostructures on glass by {{Al}} anodization and electrodeposition},
  URLDATE = {2010-10-24},
  VOLUME = {48},
}

@ARTICLE{Chu2003b,
  AUTHOR = {Chu, Song-Zhu and Wada, Kenji and Inoue, Satoru and Hishita, Shun-ichi and Kurashima, Keiji},
  URL = {http://pubs.acs.org/doi/abs/10.1021/jp0354503},
  DATE = {2003-09},
  DOI = {10.1021/jp0354503},
  ISSN = {1520-6106},
  JOURNALTITLE = {The Journal of Physical Chemistry B},
  KEYWORDS = {cathodic deposition,electrodeposition,template-assisted synthesis,titanium oxide,transparent conductive electrode},
  NUMBER = {37},
  PAGES = {10180--10184},
  TITLE = {Fabrication and structural characteristics of ordered {{TiO}}{\textsubscript{2}}–{{Ru}}(–{{RuO}}{\textsubscript{2}}) nanorods in porous anodic alumina films on {{ITO}}/glass substrate},
  VOLUME = {107},
}

@ARTICLE{Limmer2003a,
  AUTHOR = {Limmer, Steven J and Hubler, Timothy L and Cao, Guozhong},
  DATE = {2003},
  DOI = {10.1023/A:1020772020988},
  JOURNALTITLE = {Journal of Sol-Gel Science and Technology},
  KEYWORDS = {complex oxides,electrodeposition,electrophoresis,electrophoretic deposition,mesoporous silica,nanorods,silicon oxide,sol-gel,sol-gel synthesis,titanium oxide},
  NUMBER = {1-3},
  PAGES = {577--581},
  TITLE = {Nanorods of various oxides and hierarchically structured mesoporous silica by sol-gel electrophoresis},
  VOLUME = {26},
}

@ARTICLE{Limmer2004,
  AUTHOR = {Limmer, S. J. and Chou, T. P. and Cao, G. Z.},
  URL = {http://www.springerlink.com/openurl.asp?id=doi:10.1023/B:JMSC.0000012919.21763.b2},
  DATE = {2004-02},
  DOI = {10.1023/B:JMSC.0000012919.21763.b2},
  ISSN = {0022-2461},
  JOURNALTITLE = {Journal of Materials Science},
  KEYWORDS = {electrodeposition,electrophoretic deposition,nanorods,sol-gel synthesis,starred,template-assisted synthesis,template-hard,template-PC,titanium oxide},
  NUMBER = {3},
  PAGES = {895--901},
  TITLE = {A study on the growth of {{TiO}}{$_2$} nanorods using sol electrophoresis},
  URLDATE = {2010-12-13},
  VOLUME = {39},
}

@ARTICLE{Chu2004,
  AUTHOR = {Chu, S. Z. and Inoue, S. and Wada, K. and Hishita, S.},
  URL = {http://link.aip.org/link/JESOAN/v151/i1/pC38/s1&Agg=doi},
  DATE = {2004},
  DOI = {10.1149/1.1627346},
  ISSN = {00134651},
  JOURNALTITLE = {Journal of The Electrochemical Society},
  KEYWORDS = {aluminium oxide,cathodic deposition,electrodeposition,ruthenium oxide,titanium oxide,transparent conductive electrode},
  NUMBER = {1},
  PAGES = {C38},
  TITLE = {Fabrication of {{TiO}}{$_2$}-{{Ru}}({{O}}{$_2$})/{{Al}}{$_{2}$}{{O}}{$_3$} composite nanostructures on glass by {{Al}} anodization and electrodeposition},
  URLDATE = {2010-10-14},
  VOLUME = {151},
}

@ARTICLE{Limmer2005,
  AUTHOR = {Limmer, S J and Chou, T P and Cao, G Z},
  URL = {http://www.springerlink.com/index/10.1007/s10971-005-3548-6},
  DATE = {2005-11},
  DOI = {10.1007/s10971-005-3548-6},
  ISSN = {0928-0707},
  JOURNALTITLE = {Journal of Sol-Gel Science and Technology},
  KEYWORDS = {electrodeposition,electrophoretic deposition,nanoarray,nanorods,sol electrophoresis,sol-gel processing,sol-gel synthesis,template-AAO,template-assisted nanorod growth,template-assisted synthesis,template-hard,template-PC,titanium oxide},
  NUMBER = {2},
  PAGES = {183--195},
  TITLE = {A study on the influences of processing parameters on the growth of oxide nanorod arrays by sol electrophoretic deposition},
  VOLUME = {36},
}

@ARTICLE{Yan2006,
  AUTHOR = {Yan, Hongwei and Yang, Yingling and Fu, Zhengping and Yang, Beifang and Xia, Linsheng and Xu, Yuandong and Fu, Shengquan and Li, Fanqing},
  DATE = {2006},
  DOI = {10.1246/cl.2006.864},
  JOURNALTITLE = {Chemistry Letters},
  KEYWORDS = {cathodic deposition,electrodeposition,template-assisted synthesis,template-hard,titanium oxide,titanium sulfate,transparent conductive electrode},
  NUMBER = {8},
  PAGES = {864--865},
  TITLE = {Cathodic electrodeposition of ordered porous titania films by polystyrene colloidal crystal templating},
  VOLUME = {35},
}

@ARTICLE{Natarajan1996,
  AUTHOR = {Natarajan, C. and Nogami, G.},
  URL = {http://link.aip.org/link/JESOAN/v143/i5/p1547/s1&Agg=doi},
  DATE = {1996},
  DOI = {10.1149/1.1836677},
  ISSN = {00134651},
  JOURNALTITLE = {Journal of The Electrochemical Society},
  KEYWORDS = {cathodic deposition,electrodeposition,in-print-collection--DEPRECATE,nanocrystalline,starred,thin films,titanium oxide,transparent conductive electrode},
  NUMBER = {5},
  PAGES = {1547},
  TITLE = {Cathodic electrodeposition of nanocrystalline titanium dioxide thin films},
  VOLUME = {143},
}

@ARTICLE{Karuppuchamy2001,
  AUTHOR = {Karuppuchamy, Subbian and Amalnerkar, Dinesh P. and Yamaguchi, Koichi and Yoshida, Tsukasa and Sugiura, Takashi and Minoura, Hideki},
  URL = {http://joi.jlc.jst.go.jp/JST.JSTAGE/cl/2001.78?from=CrossRef},
  DATE = {2001},
  DOI = {10.1246/cl.2001.78},
  ISSN = {03667022},
  JOURNALTITLE = {Chemistry Letters},
  KEYWORDS = {cathodic deposition,electrodeposition,titanium oxide,titanium oxysulfate,transparent conductive electrode},
  NUMBER = {1},
  PAGES = {78--79},
  TITLE = {Cathodic electrodeposition of {{TiO}}{$_2$} thin films for dye-sensitized photoelectrochemical applications},
  VOLUME = {30},
}

@ARTICLE{Chenthamarakshan2002,
  AUTHOR = {Chenthamarakshan, C. R. and de Tacconi, Norma R. and Rajeshwar, Krishnan and Shiratsuchi, Ryuichi},
  DATE = {2002-11},
  DOI = {10.1016/S1388-2481(02)00474-5},
  JOURNALTITLE = {Electrochemistry Communications},
  KEYWORDS = {composite films,electrodeposition,occlusion deposition,photocatalysis,thermal anneal,titanium oxide,transparent conductive electrode,ultraviolet irradiation},
  NUMBER = {11},
  PAGES = {871--876},
  TITLE = {Immobilizing semiconductor particles by occlusion electrosynthesis in an oxide film matrix: the titania model case},
  VOLUME = {4},
}

@ARTICLE{Karuppuchamy2002,
  AUTHOR = {Karuppuchamy, S. and Nonomura, K. and Yoshida, T. and Sugiura, T. and Minoura, H.},
  URL = {http://linkinghub.elsevier.com/retrieve/pii/S0167273802005994},
  DATE = {2002-11},
  DOI = {10.1016/S0167-2738(02)00599-4},
  ISSN = {01672738},
  JOURNALTITLE = {Solid State Ionics},
  KEYWORDS = {cathodic deposition,DSSC,electrodeposition,starred,thin films,titanium oxide,transparent conductive electrode,zinc oxide},
  NUMBER = {1-4},
  PAGES = {19--27},
  TITLE = {Cathodic electrodeposition of oxide semiconductor thin films and their application to dye-sensitized solar cells},
  VOLUME = {151},
}

@ARTICLE{deTacconi2003,
  AUTHOR = {de Tacconi, Norma R. and Chenthamarakshan, C.R. and Rajeshwar, Krishnan and Pauporté, Thierry and Lincot, Daniel},
  URL = {http://linkinghub.elsevier.com/retrieve/pii/S1388248103000213},
  DATE = {2003-03},
  DOI = {10.1016/S1388-2481(03)00021-3},
  ISBN = {1817272381},
  ISSN = {13882481},
  JOURNALTITLE = {Electrochemistry Communications},
  KEYWORDS = {cathodic deposition,electrodeposition,Photoaction spectra,Photoelectrochemical behavior,Thermal anneal,titanium oxide,transparent conductive electrode,tungsten oxide,Ultraviolet irradiation},
  NUMBER = {3},
  PAGES = {220--224},
  TITLE = {Pulsed electrodeposition of {{WO}}{$_3$}--{{TiO}}{$_2$} composite films},
  VOLUME = {5},
}

@ARTICLE{deTacconi2004,
  AUTHOR = {de Tacconi, Norma R. and Chenthamarakshan, C. R. and Wouters, Kelly L. and MacDonnell, Frederick M. and Rajeshwar, Krishnan},
  URL = {http://linkinghub.elsevier.com/retrieve/pii/S0022072803007381},
  DATE = {2004-05},
  DOI = {10.1016/j.jelechem.2003.11.033},
  ISBN = {1817272381},
  ISSN = {15726657},
  JOURNALTITLE = {Journal of Electroanalytical Chemistry},
  KEYWORDS = {absorption threshold,Absorption threshold,blue shift,cathodic deposition,colouration,decolourization,electrochromic efficiency,Electrochromic efficiency,electrochromism,electrodeposition,titanium oxide,transparent conductive electrode,tungsten oxide},
  NUMBER = {2},
  PAGES = {249--256},
  TITLE = {Composite {{WO}}{$_3$}–{{TiO}}{$_2$} films prepared by pulsed electrodeposition: {{Morphological}} aspects and electrochromic behavior},
  URLDATE = {2010-11-28},
  VOLUME = {566},
}

@ARTICLE{deTacconi2005,
  AUTHOR = {de Tacconi, Norma R. and Chenthamarakshan, C. R. and Rajeshwar, Krishnan and Tacconi, Eugenio J.},
  URL = {http://www.ncbi.nlm.nih.gov/pubmed/16852473},
  DATE = {2005-06},
  DOI = {10.1021/jp044156n},
  EPRINT = {16852473},
  EPRINTTYPE = {pmid},
  ISSN = {1520-6106},
  JOURNALTITLE = {The Journal of Physical Chemistry B},
  KEYWORDS = {cathodic deposition,electrodeposition,selenium,titanium oxide,transparent conductive electrode},
  NUMBER = {24},
  PAGES = {11953--11960},
  TITLE = {Selenium-modified titanium dioxide photochemical diode/electrolyte junctions: photocatalytic and electrochemical preparation, characterization, and model simulations},
  VOLUME = {109},
}

@ARTICLE{Karuppuchamy2005,
  AUTHOR = {Karuppuchamy, S and Jeong, J},
  URL = {http://linkinghub.elsevier.com/retrieve/pii/S0254058405002579},
  DATE = {2005-10},
  DOI = {10.1016/j.matchemphys.2005.04.015},
  ISSN = {02540584},
  JOURNALTITLE = {Materials Chemistry and Physics},
  KEYWORDS = {amorphous thin films,cathodic deposition,electrodeposition,hydrophilicity,nanostructures,titanium dioxide,titanium oxide,transparent conductive electrode},
  NUMBER = {2-3},
  PAGES = {251--254},
  TITLE = {Super-hydrophilic amorphous titanium dioxide thin film deposited by cathodic electrodeposition},
  URLDATE = {2010-12-11},
  VOLUME = {93},
}

@ARTICLE{Karuppuchamy2006,
  AUTHOR = {Karuppuchamy, S and Iwasaki, M and Minoura, H},
  DATE = {2006},
  DOI = {10.1016/j.apsusc.2006.06.029},
  JOURNALTITLE = {Applied Surface Science},
  KEYWORDS = {cathodic deposition,electrochromism,electrodeposition,intercalation,li,nanocrystalline,titanium dioxide,titanium oxide,transparent conductive electrode},
  PAGES = {2924--2929},
  TITLE = {Electrochemical properties of electrosynthesized {{TiO}}{$_2$} thin films},
  VOLUME = {253},
}

@ARTICLE{Karuppuchamy2006a,
  AUTHOR = {Karuppuchamy, S. and Jeong, J-M. and Amalnerkar, D.P. and Minoura, H.},
  URL = {http://linkinghub.elsevier.com/retrieve/pii/S0042207X05002058},
  DATE = {2006-01},
  DOI = {10.1016/j.vacuum.2005.06.005},
  ISSN = {0042207X},
  JOURNALTITLE = {Vacuum},
  KEYWORDS = {cathodic deposition,electrodeposition,heat treatment,hydrophilicity,titanium dioxide,titanium oxide,transparent conductive electrode},
  NUMBER = {5},
  PAGES = {494--498},
  TITLE = {Photoinduced hydrophilicity of titanium dioxide thin films prepared by cathodic electrodeposition},
  URLDATE = {2010-12-11},
  VOLUME = {80},
}

@ARTICLE{Somasundaram2006,
  AUTHOR = {Somasundaram, Sashikala and Chenthamarakshan, C. R. and de Tacconi, Norma R. and Basit, Nasir A. and Rajeshwar, Krishnan},
  URL = {http://linkinghub.elsevier.com/retrieve/pii/S1388248106000324},
  DATE = {2006-04},
  DOI = {10.1016/j.elecom.2006.01.016},
  ISSN = {13882481},
  JOURNALTITLE = {Electrochemistry Communications},
  KEYWORDS = {cathodic deposition,cathodic electrodeposition,electrodeposition,oxide semiconductor,photoaction spectra,photoelectrochemical response,titanium oxide,transparent conductive electrode,tungsten oxide},
  NUMBER = {4},
  PAGES = {539--543},
  TITLE = {Composite {{WO}}{$_3$}–{{TiO}}{$_2$} films: {{Pulsed}} electrodeposition from a mixed bath versus sequential deposition from twin baths},
  VOLUME = {8},
}

@ARTICLE{Karuppuchamy2007,
  AUTHOR = {Karuppuchamy, S and Iwasaki, M and Minoura, H},
  URL = {http://linkinghub.elsevier.com/retrieve/pii/S0042207X0600323X},
  DATE = {2007-01},
  DOI = {10.1016/j.vacuum.2006.09.013},
  ISSN = {0042207X},
  JOURNALTITLE = {Vacuum},
  KEYWORDS = {cathodic deposition,electrodeposition,heat treatment,JZ-highlight,photocatalysis,photocatalytic activity,photoelectrochemical properties,titanium dioxide,titanium oxide,transparent conductive electrode},
  NUMBER = {5},
  PAGES = {708--712},
  TITLE = {Physico-chemical, photoelectrochemical and photocatalytic properties of electrodeposited nanocrystalline titanium dioxide thin films},
  URLDATE = {2010-06-25},
  VOLUME = {81},
}

@ARTICLE{Chettah2008,
  AUTHOR = {Chettah, H. and Abdi, D. and Amardjia, H. and Haffar, H.},
  URL = {http://www.springerlink.com/index/10.1007/s11581-008-0246-8},
  DATE = {2008-07},
  DOI = {10.1007/s11581-008-0246-8},
  ISSN = {0947-7047},
  JOURNALTITLE = {Ionics},
  KEYWORDS = {cathodic deposition,characterisations,electrochemical,electrodeposition,electrosynthesis,gel,scanning electron microscopy,thin films,tio 2 crystalline oxide,titanium oxide,transparent conductive electrode},
  NUMBER = {2},
  PAGES = {169--176},
  TITLE = {Electrosynthesis of {{TiO}}{$_2$} oxide film on {{ITO}} substrate and electrochemical comparative study of the oxide with its hydrated gel},
  URLDATE = {2010-12-10},
  VOLUME = {15},
}

@ARTICLE{Chigane2009,
  AUTHOR = {Chigane, Masaya and Watanabe, Mitsuru and Izaki, Masanobu and Yamaguchi, Ippei and Shinagawa, Tsutomu},
  URL = {http://link.aip.org/link/ESLEF6/v12/i5/pE5/s1&Agg=doi},
  DATE = {2009},
  DOI = {10.1149/1.3089877},
  ISSN = {10990062},
  JOURNALTITLE = {Electrochemical and Solid-State Letters},
  KEYWORDS = {DSSC,electrodeposition,nanostructure,titanium oxide,transparent conductive electrode},
  NUMBER = {5},
  PAGES = {E5--E8},
  TITLE = {Preparation of hollow titanium dioxide shell thin films by electrophoresis and electrolysis for dye-sensitized solar cells},
  VOLUME = {12},
}

@ARTICLE{Zhou2009,
  AUTHOR = {Zhou, Zhixiong and Zhu, Lihua and Li, Jing and Tang, Heqing},
  URL = {http://www.springerlink.com/index/10.1007/s10800-009-9869-3},
  DATE = {2009},
  DOI = {10.1007/s10800-009-9869-3},
  ISSN = {0021-891X},
  JOURNALTITLE = {Journal of Applied Electrochemistry},
  KEYWORDS = {cathodic deposition,dioxide,electrodeposition,photoelectrocatalysis á electrodeposition á,silicon oxide,starred,titanium alkoxide,titanium dioxide á silicon,titanium oxide,transparent conductive electrode},
  NUMBER = {10},
  PAGES = {1745--1753},
  TITLE = {Electrochemical preparation of {{TiO}}{$_2$}/{{SiO}}{$_2$} composite film and its high activity toward the photoelectrocatalytic degradation of methyl orange},
  VOLUME = {39},
}

@ARTICLE{Chen2010h,
  AUTHOR = {Chen, Ying and Park, Sang-Min and Kim, Ho-Cheol and McVittie, James P. and Ting, Chiu and Nish, Yoshio},
  URL = {http://link.aip.org/link/JESOAN/v157/i10/pE155/s1&Agg=doi},
  DATE = {2010},
  DOI = {10.1149/1.3467849},
  ISSN = {00134651},
  JOURNALTITLE = {Journal of The Electrochemical Society},
  KEYWORDS = {cathodic deposition,JZ-highlight,nanopillar,template-assisted synthesis,template-hard,titanium oxide,transparent conductive electrode},
  NUMBER = {10},
  PAGES = {E155},
  TITLE = {Templated electrochemical synthesis of titania nanopillars on conductive substrates},
  URLDATE = {2010-12-11},
  VOLUME = {157},
}

@ARTICLE{Elhajj2010,
  AUTHOR = {Elhajj, J. and Ismail, M. N. and Warzywoda, J. and Sacco, A. and Kurtz, R. and Podlaha, E. J.},
  URL = {http://link.aip.org/link/JESOAN/v157/i1/pD5/s1&Agg=doi},
  DATE = {2010},
  DOI = {10.1149/1.3246617},
  ISSN = {00134651},
  JOURNALTITLE = {Journal of The Electrochemical Society},
  KEYWORDS = {cathodic deposition,electrodeposition,gold,nanocomposite,titanium oxide,transparent conductive electrode},
  NUMBER = {1},
  PAGES = {D5},
  TITLE = {Electrochemical fabrication of {{TiO}}{$_2$}–{{Au}} nanocomposites},
  URLDATE = {2010-12-11},
  VOLUME = {157},
}

@ARTICLE{Ohya2002,
  AUTHOR = {Ohya, Tomokazu and Nakayama, Aki and Ban, Takayuki and Ohya, Yutaka and Takahashi, Yasutaka},
  URL = {http://pubs.acs.org/doi/abs/10.1021/cm0200588},
  DATE = {2002-07},
  DOI = {10.1021/cm0200588},
  ISSN = {0897-4756},
  JOURNALTITLE = {Chemistry of Materials},
  KEYWORDS = {alkylamine,alkylammonium hydroxide,chemical bath deposition,titanium alkoxide,titanium isopropoxide},
  NUMBER = {7},
  PAGES = {3082--3089},
  TITLE = {Synthesis and characterization of halogen-free, transparent, aqueous colloidal titanate solutions from titanium alkoxide},
  VOLUME = {14},
}

@ARTICLE{Sawatani2005,
  AUTHOR = {Sawatani, Seiichi and Yoshida, Tsukasa and Ohya, Tomokazu and Ban, Takayuki and Takahashi, Yasutaka and Minoura, Hideki},
  URL = {http://link.aip.org/link/ESLEF6/v8/i5/pC69/s1&Agg=doi},
  DATE = {2005},
  DOI = {10.1149/1.1874634},
  ISSN = {10990062},
  JOURNALTITLE = {Electrochemical and Solid-State Letters},
  KEYWORDS = {electrodeposition,thin films,titanium isopropoxide,titanium oxide,transparent conductive electrode},
  NUMBER = {5},
  PAGES = {C69--C71},
  TITLE = {Electrodeposition of {{TiO}}{$_2$} thin film by anodic formation of titanate/benzoquinone hybrid},
  URLDATE = {2010-09-29},
  VOLUME = {8},
}

@ARTICLE{Wessels2008,
  AUTHOR = {Wessels, Katrin and Maekawa, Miyuki and Rathousky, Jiri and Yoshida, Tsukasa and Wark, Michael and Oekermann, Torsten},
  URL = {http://linkinghub.elsevier.com/retrieve/pii/S1387181107004167},
  DATE = {2008-04},
  DOI = {10.1016/j.micromeso.2007.07.004},
  ISSN = {13871811},
  JOURNALTITLE = {Microporous and Mesoporous Materials},
  KEYWORDS = {dye-sensitized solar cells,electrodeposition,hybrid thin films,kr adsorption,nanoporous,titanium alkoxide,titanium dioxide,titanium isopropoxide,titanium oxide,transparent conductive electrode},
  NUMBER = {1-3},
  PAGES = {55--61},
  TITLE = {Highly porous {{TiO}}{$_2$} films from anodically deposited titanate hybrids and their photoelectrochemical and photocatalytic activity},
  URLDATE = {2010-07-15},
  VOLUME = {111},
}

@ARTICLE{Wessels2008a,
  AUTHOR = {Wessels, Katrin and Minnermann, Melanie and Rathousky, Jiri and Wark, Michael and Oekermann, Torsten},
  URL = {http://pubs.acs.org/cgi-bin/doilookup/?10.1021/jp803743k},
  DATE = {2008-10-02},
  DOI = {10.1021/jp803743k},
  ISSN = {1932-7447},
  JOURNALTITLE = {The Journal of Physical Chemistry C},
  KEYWORDS = {anodic deposition,electrodeposition,photocatalytic activity,titanium alkoxide,titanium oxide,transparent conductive electrode},
  NUMBER = {39},
  PAGES = {15122--15128},
  TITLE = {Influence of calcination temperature on the photoelectrochemical and photocatalytic properties of porous {{TiO}}{$_2$} films electrodeposited from {{Ti}}({{IV}})-alkoxide solution},
  URLDATE = {2010-09-29},
  VOLUME = {112},
}

@ARTICLE{Flood1995,
  AUTHOR = {Flood, Robert},
  URL = {http://linkinghub.elsevier.com/retrieve/pii/0927024895000542},
  DATE = {1995-11},
  DOI = {10.1016/0927-0248(95)00054-2},
  ISSN = {09270248},
  JOURNALTITLE = {Solar Energy Materials and Solar Cells},
  KEYWORDS = {anodic deposition,band,cadmium sulfide,cds,characterisation,electrodeposition,energy determination,nanocrystalline,potential dependent spectroscopy,semiconductor electrodes,tio2,tio2-cds,titanium oxide,transparent,transparent conductive electrode},
  NUMBER = {1},
  PAGES = {83--98},
  TITLE = {Determination of band edge energies for transparent nanocrystalline {{TiO}}{$_2$}-{{CdS}} sandwich electrodes prepared by electrodeposition},
  VOLUME = {39},
}

@ARTICLE{Lokhande2005,
  AUTHOR = {Lokhande, C. D. and Park, Bong-Ok and Park, Hyung-Sang and Jung, Kwang-Deog and Joo, Oh-Shim},
  URL = {http://linkinghub.elsevier.com/retrieve/pii/S0304399105001476},
  DATE = {2005-11},
  DOI = {10.1016/j.ultramic.2005.06.048},
  ISSN = {03043991},
  JOURNALTITLE = {Ultramicroscopy},
  KEYWORDS = {electrodeposition,morphology,photoelectrochemical cells,ruo 2,ruthenium oxide,supercapacitors,tio 2,titanium oxide,transparent conductive electrode},
  NUMBER = {1-4},
  PAGES = {267--274},
  TITLE = {Electrodeposition of {{TiO}}{$_2$} and {{RuO}}{$_2$} thin films for morphology-dependent applications},
  URLDATE = {2010-08-10},
  VOLUME = {105},
}

@ARTICLE{Wessels2006,
  AUTHOR = {Wessels, Katrin and Feldhoff, Armin and Wark, Michael and Rathousky, Jiri and Oekermann, Torsten},
  URL = {http://link.aip.org/link/ESLEF6/v9/i6/pC93/s1&Agg=doi},
  DATE = {2006},
  DOI = {10.1149/1.2186430},
  ISSN = {10990062},
  JOURNALTITLE = {Electrochemical and Solid-State Letters},
  KEYWORDS = {anodic deposition,electrodeposition,nanoporous,rutile,starred,titanium oxide,transparent conductive electrode},
  NUMBER = {6},
  PAGES = {C93--C96},
  TITLE = {Low-temperature preparation of crystalline nanoporous {{TiO}}{$_2$} films by surfactant-assisted anodic electrodeposition},
  URLDATE = {2010-09-17},
  VOLUME = {9},
}

@ARTICLE{Tsai2009,
  AUTHOR = {Tsai, Tsung-Yu and Lu, Shih-Yuan},
  PUBLISHER = {Elsevier B.V.},
  URL = {http://dx.doi.org/10.1016/j.elecom.2009.09.025},
  DATE = {2009-11},
  DOI = {10.1016/j.elecom.2009.09.025},
  ISSN = {1388-2481},
  JOURNALTITLE = {Electrochemistry Communications},
  KEYWORDS = {DSSC,dye-sensitized solar cell,Dye-sensitized solar cell,Electrochemical deposition,electrodeposition,hydrothermal synthesis,in-print-collection--DEPRECATE,Light harvesting,Light scattering,Titania,titanium chloride,titanium oxide},
  NUMBER = {11},
  PAGES = {2180--2183},
  TITLE = {A novel way of improving light harvesting in dye-sensitized solar cells –{} {{Electrodeposition}} of titania},
  VOLUME = {11},
}

@ARTICLE{Wu2009b,
  AUTHOR = {Wu, Min and Yang, Z. H. and Jiang, Y. H. and Zhang, J. J. and Liu, S. Q. and Sun, Y. M.},
  URL = {http://www.springerlink.com/index/10.1007/s10008-009-0866-6},
  DATE = {2009-06},
  DOI = {10.1007/s10008-009-0866-6},
  ISSN = {1432-8488},
  JOURNALTITLE = {Journal of Solid State Electrochemistry},
  KEYWORDS = {anodic deposition,DSSC,electrochemical impedance spectroscopy,electrodeposition,photocurrent,tio 2 nanocrystalline film,titanium oxide,transparent conductive electrode,zinc tetra-carboxyl phthalocyanin complex},
  NUMBER = {5},
  PAGES = {857--863},
  TITLE = {Improvement of dye-sensitized solar cell performance through electrodepositing a close-packed {{TiO}}{$_2$} film},
  URLDATE = {2010-07-14},
  VOLUME = {14},
}

@ARTICLE{Wessels2010,
  AUTHOR = {Wessels, Katrin and Wark, Michael and Oekermann, Torsten},
  PUBLISHER = {Elsevier Ltd},
  URL = {http://linkinghub.elsevier.com/retrieve/pii/S0013468610008753},
  DATE = {2010-09},
  DOI = {10.1016/j.electacta.2010.06.059},
  ISSN = {00134686},
  JOURNALTITLE = {Electrochimica Acta},
  KEYWORDS = {anodic deposition,dye-sensitized solar cells,electrodeposition,titanium oxide,transparent conductive electrode},
  NUMBER = {22},
  PAGES = {6352--6357},
  TITLE = {Efficiency improvement of dye-sensitized solar cells based on electrodeposited {{TiO}}{$_2$} films by low temperature post-treatment},
  URLDATE = {2010-09-29},
  VOLUME = {55},
}

@ARTICLE{Wu2011,
  AUTHOR = {Wu, Mao-Sung and Tsai, Chen-Hsiu and Wei, Tzu-Chien},
  URL = {http://www.ncbi.nlm.nih.gov/pubmed/21243162},
  DATE = {2011-01},
  DOI = {10.1039/c0cc04888g},
  EPRINT = {21243162},
  EPRINTTYPE = {pmid},
  ISSN = {1364-548X},
  JOURNALTITLE = {Chemical Communications},
  KEYWORDS = {anodic deposition,DSSC,electrodeposition,titanium chloride,titanium oxide,transparent conductive electrode},
  NUMBER = {10},
  PAGES = {2871},
  TITLE = {Electrochemical formation of transparent nanostructured {{TiO}}{$_2$} film as an effective bifunctional layer for dye-sensitized solar cells},
  URLDATE = {2011-01-19},
  VOLUME = {47},
}

@ARTICLE{Peulon1998,
  AUTHOR = {Peulon, Sophie and Lincot, Daniel},
  URL = {http://link.aip.org/link/JESOAN/v145/i3/p864/s1&Agg=doi},
  DATE = {1998},
  DOI = {10.1149/1.1838359},
  ISSN = {00134651},
  JOURNALTITLE = {Journal of The Electrochemical Society},
  KEYWORDS = {\_tablet,cathodic deposition,electrodeposition,zinc chloride,zinc oxide},
  NUMBER = {3},
  PAGES = {864--874},
  TITLE = {Mechanistic study of cathodic electrodeposition of zinc oxide and zinc hydroxychloride films from oxygenated aqueous zinc chloride solutions},
  URLDATE = {2011-07-08},
  VOLUME = {145},
}

@ARTICLE{Pauporte2009,
  AUTHOR = {Pauporté, Thierry and Jirka, I.},
  URL = {http://linkinghub.elsevier.com/retrieve/pii/S0013468609010767},
  DATE = {2009-12},
  DOI = {10.1016/j.electacta.2009.08.022},
  ISSN = {00134686},
  JOURNALTITLE = {Electrochimica Acta},
  KEYWORDS = {ECS-224,electrodeposition,zinc oxide},
  NUMBER = {28},
  PAGES = {7558--7564},
  TITLE = {A method for electrochemical growth of homogeneous nanocrystalline {{ZnO}} thin films at room temperature},
  URLDATE = {2013-11-05},
  VOLUME = {54},
}

@ARTICLE{Karpina2004,
  AUTHOR = {Karpina, V. A. and Lazorenko, V. I. and Lashkarev, C. V. and Dobrowolski, V. D. and Kopylova, L. I. and Baturin, V. A. and Pustovoytov, S. A. and Karpenko, A. Ju. and Eremin, S. A. and Lytvyn, P. M. and Ovsyannikov, V. P. and Mazurenko, E. A.},
  URL = {https://onlinelibrary.wiley.com/doi/10.1002/crat.200310283},
  DATE = {2004-11},
  DOI = {10.1002/crat.200310283},
  ISSN = {0232-1300, 1521-4079},
  JOURNALTITLE = {Crystal Research and Technology},
  LANGID = {english},
  NUMBER = {11},
  PAGES = {980--992},
  SHORTJOURNAL = {Cryst. Res. Technol.},
  TITLE = {Zinc oxide - analogue of {{GaN}} with new perspective possibilities},
  URLDATE = {2023-11-03},
  VOLUME = {39},
}

@ARTICLE{Janotti2009,
  AUTHOR = {Janotti, Anderson and Van de Walle, Chris G},
  URL = {http://stacks.iop.org/0034-4885/72/i=12/a=126501?key=crossref.a4a9ab118b46f216f40add61af7ba458},
  DATE = {2009-12-01},
  DOI = {10.1088/0034-4885/72/12/126501},
  EPRINT = {25989066},
  EPRINTTYPE = {pmid},
  ISSN = {0034-4885},
  JOURNALTITLE = {Reports on Progress in Physics},
  KEYWORDS = {zinc oxide},
  NUMBER = {12},
  PAGES = {126501},
  TITLE = {Fundamentals of zinc oxide as a semiconductor},
  VOLUME = {72},
}

@BOOK{Ellis1984,
  EDITOR = {Ellis, Hendrina and Harrison, R. D. and Jenkins, H. D. B.},
  PUBLISHER = {Longman},
  DATE = {1984},
  EDITION = {Revised edition},
  ISBN = {0-582-35448-X},
  TITLE = {Book of {{Data}}},
}

@BOOK{Greenwood1997,
  AUTHOR = {Greenwood, N. N. and Earnshaw, A.},
  PUBLISHER = {Butterworth--Heinemann},
  DATE = {1997},
  EDITION = {2},
  ISBN = {0-7506-3365-4},
  KEYWORDS = {book-available,pdf-available},
  TITLE = {Chemistry of the elements},
}

@BOOK{Ekberg2016,
  AUTHOR = {Ekberg, Christian and Brown, Paul L.},
  PUBLISHER = {Wiley-VCH},
  DATE = {2016},
  ISBN = {978-3-527-33010-2},
  KEYWORDS = {Pourbaix diagram,zinc ion,zinc oxide},
  TITLE = {Hydrolysis of metal ions},
}

@ARTICLE{Schwarzacher2006,
  AUTHOR = {Schwarzacher, Walther},
  DATE = {2006},
  JOURNALTITLE = {Interface},
  KEYWORDS = {electrodeposition},
  NUMBER = {6},
  PAGES = {32--35},
  TITLE = {Electrodeposition: a technology for the future},
  VOLUME = {250},
}

@ARTICLE{Nagao1968,
  AUTHOR = {Nagao, Morimasa and Watanabe, Saburo},
  URL = {http://jjap.jsap.jp/link?JJAP/7/684/},
  DATE = {1968-06},
  DOI = {10.1143/JJAP.7.684},
  ISSN = {0021-4922},
  JOURNALTITLE = {Japanese Journal of Applied Physics},
  KEYWORDS = {cadmium sulfide,chemical bath deposition},
  NUMBER = {6},
  PAGES = {684--685},
  TITLE = {Chemically deposited thick {{CdS}} films and their properties},
  URLDATE = {2011-12-20},
  VOLUME = {7},
}

@ARTICLE{Nair1988,
  AUTHOR = {Nair, M.T.S. and Nair, P.K. and Campos, J.},
  URL = {http://linkinghub.elsevier.com/retrieve/pii/0040609088902325},
  DATE = {1988-07},
  DOI = {10.1016/0040-6090(88)90232-5},
  ISSN = {00406090},
  JOURNALTITLE = {Thin Solid Films},
  KEYWORDS = {band gap,cadmium sulfide,chemical bath deposition,thin films},
  PAGES = {21--34},
  TITLE = {Effect of bath temperature on the optoelectronic characteristics of chemically deposited {{CdS}} thin films},
  URLDATE = {2011-11-29},
  VOLUME = {161},
}

@ARTICLE{Mondal1983,
  AUTHOR = {Mondal, A. and Chaudhuri, T. and Pramanik, P.},
  URL = {http://linkinghub.elsevier.com/retrieve/pii/0165163383900163},
  DATE = {1983-01},
  DOI = {10.1016/0165-1633(83)90016-3},
  ISSN = {01651633},
  JOURNALTITLE = {Solar Energy Materials},
  KEYWORDS = {cadmium selenide,cadmium sulfide,chemical bath deposition,thin films},
  NUMBER = {4},
  PAGES = {431--438},
  TITLE = {Deposition of cadmium chalcogenide thin films by a solution growth technique using triethanolamine as a complexing agent},
  VOLUME = {7},
}

@BOOK{Hodes2003,
  AUTHOR = {Hodes, Gary},
  LOCATION = {New York},
  PUBLISHER = {Marcel Dekker, Inc.},
  DATE = {2003},
  ISBN = {0-8247-0851-2},
  SERIES = {Food {{Science}} and {{Technology}}},
  TITLE = {Chemical solution deposition of semiconductor films},
}

@ARTICLE{Tak2009,
  AUTHOR = {Tak, Youngjo and Hong, Suk Joon and Lee, Jae Sung and Yong, Kijung},
  URL = {http://pubs.acs.org/doi/abs/10.1021/cg801076b},
  DATE = {2009-06-03},
  DOI = {10.1021/cg801076b},
  ISBN = {8254279829},
  ISSN = {1528-7483},
  JOURNALTITLE = {Crystal Growth \& Design},
  KEYWORDS = {cadmium sulfide,chemical bath deposition,JZ-highlight,nanowire,optoelectronic characterization,SEM,TEM,UV-Vis spectrometry,XRD,zinc oxide},
  NUMBER = {6},
  PAGES = {2627--2632},
  TITLE = {Solution-based synthesis of a {{CdS}} nanoparticle/{{ZnO}} nanowire heterostructure array},
  URLDATE = {2011-12-20},
  VOLUME = {9},
}

@ARTICLE{Ortega-Borges1993,
  AUTHOR = {Ortega-Borges, Raúl and Lincot, Daniel},
  PUBLISHER = {IOP Publishing},
  URL = {http://iopscience.iop.org/article/10.1149/1.2221111/meta},
  DATE = {1993-12-01},
  DOI = {10.1149/1.2221111},
  ISSN = {1945-7111},
  JOURNALTITLE = {Journal of the Electrochemical Society},
  KEYWORDS = {TE-highlight},
  LANGID = {english},
  NUMBER = {12},
  PAGES = {3464},
  SHORTJOURNAL = {J. Electrochem. Soc.},
  SHORTTITLE = {Mechanism of chemical bath deposition of cadmium sulfide thin films in the ammonia-thiourea system},
  TITLE = {Mechanism of chemical bath deposition of cadmium sulfide thin films in the ammonia-thiourea system: in situ kinetic study and modelization},
  URLDATE = {2021-02-11},
  VOLUME = {140},
}

@ARTICLE{Oladeji1997,
  AUTHOR = {Oladeji, Isaiah O. and Chow, Lee},
  URL = {http://jes.ecsdl.org/cgi/doi/10.1149/1.1837815},
  DATE = {1997},
  DOI = {10.1149/1.1837815},
  ISSN = {00134651},
  JOURNALTITLE = {Journal of The Electrochemical Society},
  KEYWORDS = {cadmium sulfide,chemical bath deposition,starred,thin films,transparent conductive electrode},
  NUMBER = {7},
  PAGES = {2342},
  TITLE = {Optimization of chemical bath deposited cadmium sulfide thin films},
  URLDATE = {2011-11-29},
  VOLUME = {144},
}

@ARTICLE{Hodes1987,
  AUTHOR = {Hodes, Gary and Albu-Yaron, Ana and Decker, Franco and Motisuke, Paulo},
  URL = {https://link.aps.org/doi/10.1103/PhysRevB.36.4215},
  DATE = {1987-09-15},
  DOI = {10.1103/PhysRevB.36.4215},
  ISSN = {0163-1829},
  JOURNALTITLE = {Physical Review B},
  LANGID = {english},
  NUMBER = {8},
  PAGES = {4215--4221},
  SHORTJOURNAL = {Phys. Rev. B},
  TITLE = {Three-dimensional quantum-size effect in chemically deposited cadmium selenide films},
  URLDATE = {2023-09-13},
  VOLUME = {36},
}

@ARTICLE{Kaur1980,
  AUTHOR = {Kaur, Inderjeet and Pandya, D. K. and Chopra, K. L.},
  URL = {http://link.aip.org/link/JESOAN/v127/i4/p943/s1&Agg=doi},
  DATE = {1980},
  DOI = {10.1149/1.2129792},
  ISSN = {00134651},
  JOURNALTITLE = {Journal of The Electrochemical Society},
  KEYWORDS = {cadmium sulfide,cds,chemical bath deposition,chemical deposition,growth kinetics,thin},
  NUMBER = {4},
  PAGES = {943},
  TITLE = {Growth kinetics and polymorphism of chemically deposited {{CdS}} films},
  URLDATE = {2011-12-20},
  VOLUME = {127},
}

@ARTICLE{Kennedy1978,
  AUTHOR = {Kennedy, John H. and Frese, Karl W.},
  URL = {https://iopscience.iop.org/article/10.1149/1.2131532},
  DATE = {1978-05-01},
  DOI = {10.1149/1.2131532},
  ISSN = {0013-4651, 1945-7111},
  JOURNALTITLE = {Journal of The Electrochemical Society},
  NUMBER = {5},
  PAGES = {709--714},
  SHORTJOURNAL = {J. Electrochem. Soc.},
  TITLE = {Photooxidation of water at {$\alpha$}-{{Fe}}{$_{2}$}{{O}}{$_3$} electrodes},
  URLDATE = {2023-08-06},
  VOLUME = {125},
}

@THESIS{Fondell2014a,
  AUTHOR = {Fondell, Mattis},
  INSTITUTION = {Uppsala university},
  LOCATION = {Uppsala},
  URL = {http://urn.kb.se/resolve?urn=urn:nbn:se:uu:diva-232948},
  DATE = {2014},
  TITLE = {Synthesis and characterisation of ultra thin film oxides for energy applications},
  TYPE = {phdthesis},
}

@ARTICLE{Fondell2014,
  AUTHOR = {Fondell, Mattis and Jacobsson, Jesper Tor and Boman, Mats and Edvinsson, Tomas},
  URL = {http://xlink.rsc.org/?DOI=c3ta14846g},
  DATE = {2014},
  DOI = {10.1039/c3ta14846g},
  ISSN = {2050-7488},
  JOURNALTITLE = {Journal of Materials Chemistry A},
  KEYWORDS = {\_tablet,ALD,Edvinsson,hematite,indirect transition,iron oxides,low-dimensional,quantum confinement,quantum size effect,Raman spectroscopy,ultrathin film},
  NUMBER = {10},
  PAGES = {3352},
  TITLE = {Optical quantum confinement in low dimensional hematite},
  URLDATE = {2014-01-08},
  VOLUME = {2},
}

@ARTICLE{Spanhel1991,
  AUTHOR = {Spanhel, Lubomir and Anderson, Marc A.},
  URL = {http://pubs.acs.org/doi/abs/10.1021/ja00008a004},
  DATE = {1991},
  DOI = {10.1021/ja00008a004},
  ISSN = {0002-7863},
  JOURNALTITLE = {Journal of the American Chemical Society},
  KEYWORDS = {nanoparticle,sol-gel synthesis,zinc oxide},
  NUMBER = {8},
  PAGES = {2826--2833},
  SHORTJOURNAL = {J. Am. Chem. Soc.},
  TITLE = {Semiconductor clusters in the sol-gel process: quantized aggregation, gelation, and crystal growth in concentrated zinc oxide colloids},
  VOLUME = {113},
}

@ARTICLE{Hoyer1993,
  AUTHOR = {Hoyer, P and Eichberger, R and Weller, H},
  URL = {http://doi.wiley.com/10.1002/bbpc.19930970416},
  DATE = {1993-04},
  DOI = {10.1002/bbpc.19930970416},
  ISSN = {00059021},
  JOURNALTITLE = {Berichte der Bunsen-Gesellschaft fur physikalische Chemie},
  KEYWORDS = {zinc oxide},
  NUMBER = {4},
  PAGES = {630--635},
  TITLE = {Spectroelectrochemical {{Investigations}} of {{Nanocrystalline ZnO Films}}},
  VOLUME = {97},
}

@ARTICLE{Hoyer1994,
  AUTHOR = {Hoyer, P and Weller, H},
  URL = {http://linkinghub.elsevier.com/retrieve/pii/0009261494002878},
  DATE = {1994-04},
  DOI = {10.1016/0009-2614(94)00287-8},
  ISSN = {00092614},
  JOURNALTITLE = {Chemical Physics Letters},
  KEYWORDS = {zinc oxide},
  NUMBER = {5-6},
  PAGES = {379--384},
  TITLE = {Size-dependent redox potentials of quantized zinc oxide measured with an optically transparent thin layer electrode},
  URLDATE = {2014-04-02},
  VOLUME = {221},
}

@ARTICLE{Meulenkamp1998,
  AUTHOR = {Meulenkamp, Eric A.},
  URL = {http://www.scopus.com/inward/record.url?eid=2-s2.0-0000855422&partnerID=40&md5=d724a75c06d2d20b28306730b2505567%5Cnhttp://pubs.acs.org/doi/abs/10.1021/jp980730h},
  DATE = {1998},
  DOI = {10.1021/jp980730h},
  ISSN = {1520-6106},
  JOURNALTITLE = {Journal of Physical Chemistry B},
  KEYWORDS = {nanoparticle,zinc oxide},
  NUMBER = {29},
  PAGES = {5566--5572},
  SHORTJOURNAL = {J. Phys. Chem. B},
  TITLE = {Synthesis and growth of {{ZnO}} nanoparticles},
  VOLUME = {102},
}

@BOOK{CRC104,
  EDITOR = {Rumble, John R.},
  LOCATION = {Boca Raton},
  PUBLISHER = {CRC Press},
  URL = {https://www.routledge.com/CRC-Handbook-of-Chemistry-and-Physics/Rumble/p/book/9781032425207},
  ANNOTATION = {OCLC: 1377215628},
  DATE = {2023},
  EDITION = {104},
  ISBN = {978-1-03-242520-7},
  LANGID = {english},
  TITLE = {{{CRC}} handbook of chemistry and physics},
}

@BOOK{Heavens1955,
  AUTHOR = {Heavens, O. S.},
  LOCATION = {London},
  PUBLISHER = {Butterworth scientific publications},
  DATE = {1955},
  TITLE = {Optical properties of thin solid films},
}

@THESIS{Green2012,
  AUTHOR = {Green, Sara},
  INSTITUTION = {Uppsala university},
  URL = {http://urn.kb.se/resolve?urn=urn:nbn:se:uu:diva-179764},
  DATE = {2012},
  ISBN = {978-91-554-8444-6},
  ISSN = {1651-6214},
  PAGETOTAL = {116},
  TITLE = {Electrochromic nickel-tungsten oxides: optical, electrochemical and structural characterization of sputter-deposited thin films in the whole composition range},
  TYPE = {phdthesis},
}

@BOOK{Pazoki2020,
  EDITOR = {Pazoki, Meysam and Hagfeldt, Anders and Edvinsson, Tomas},
  PUBLISHER = {Elsevier},
  URL = {https://www.sciencedirect.com/book/9780128147276/characterization-techniques-for-perovskite-solar-cell-materials},
  DATE = {2020},
  ISBN = {978-0-12-814727-6},
  KEYWORDS = {\_tablet,Edvinsson,photoluminescence spectroscopy,Raman spectroscopy,UV-Vis spectroscopy,XRD},
  SERIES = {Micro and {{Nano Technologies}}},
  TITLE = {Characterization techniques for perovskite solar cell materials},
}

@ARTICLE{Kundu2011a,
  AUTHOR = {Kundu, Paromita and Deshpande, Parag A. and Madras, Giridhar and Ravishankar, N.},
  URL = {http://xlink.rsc.org/?DOI=c0jm03116j},
  DATE = {2011},
  DOI = {10.1039/c0jm03116j},
  ISSN = {0959-9428},
  JOURNALTITLE = {Journal of Materials Chemistry},
  KEYWORDS = {cadmium sulfide,hydrothermal synthesis,JZ-highlight,photocatalytic activity,PL spectrometry,powders,starred,TEM,UV-Vis spectrometry,XPS,zinc oxide},
  NUMBER = {12},
  PAGES = {4209--4216},
  TITLE = {Nanoscale {{ZnO}}/{{CdS}} heterostructures with engineered interfaces for high photocatalytic activity under solar radiation},
  URLDATE = {2012-01-23},
  VOLUME = {21},
}

@INCOLLECTION{Rahman2020a,
  AUTHOR = {Rahman, Mohammad Ziaur and Edvinsson, Tomas},
  PUBLISHER = {Elsevier},
  URL = {https://linkinghub.elsevier.com/retrieve/pii/B9780128147276000025},
  BOOKTITLE = {Characterization techniques for perovskite solar cell materials},
  DATE = {2020},
  DOI = {10.1016/B978-0-12-814727-6.00002-5},
  ISBN = {978-0-12-814727-6},
  KEYWORDS = {Edvinsson},
  LANGID = {english},
  PAGES = {23--47},
  TITLE = {X-ray diffraction and {{Raman}} spectroscopy for lead halide perovskites},
  URLDATE = {2023-08-05},
}

@INCOLLECTION{Dyer2005,
  AUTHOR = {Dyer, R. Brian and Woodruff, William H.},
  PUBLISHER = {Wiley},
  URL = {https://doi.org/10.1002/0470862106.ia329},
  BOOKTITLE = {Encyclopedia of inorganic chemistry},
  DATE = {2005},
  DOI = {10.1002/0470862106.ia329},
  KEYWORDS = {infrared spectroscopy,Raman spectroscopy,vibrational spectroscopy},
  TITLE = {Vibrational spectroscopy},
}

@ARTICLE{Smekal1923,
  AUTHOR = {Smekal, Adolf},
  URL = {https://doi.org/10.1007/BF01576902},
  DATE = {1923-10-01},
  DOI = {10.1007/BF01576902},
  ISSN = {1432-1904},
  JOURNALTITLE = {Naturwissenschaften},
  KEYWORDS = {Raman spectroscopy},
  LANGID = {ngerman},
  NUMBER = {43},
  PAGES = {873--875},
  SHORTJOURNAL = {Naturwissenschaften},
  TITLE = {Zur Quantentheorie der Dispersion},
  URLDATE = {2023-03-19},
  VOLUME = {11},
}

@ARTICLE{Kramers1924,
  AUTHOR = {Kramers, H. A.},
  PUBLISHER = {Nature Publishing Group},
  URL = {https://www.nature.com/articles/114310b0},
  DATE = {1924},
  DOI = {10.1038/114310b0},
  ISSN = {1476-4687},
  ISSUE = {2861},
  JOURNALTITLE = {Nature},
  KEYWORDS = {Humanities and Social Sciences,multidisciplinary,Science},
  LANGID = {english},
  NUMBER = {2861},
  PAGES = {310--311},
  TITLE = {The quantum theory of dispersion},
  URLDATE = {2023-03-19},
  VOLUME = {114},
}

@ARTICLE{Kramers1924a,
  AUTHOR = {Kramers, H. A.},
  PUBLISHER = {Nature Publishing Group},
  URL = {https://www.nature.com/articles/113673a0},
  DATE = {1924-05},
  DOI = {10.1038/113673a0},
  ISSN = {1476-4687},
  ISSUE = {2845},
  JOURNALTITLE = {Nature},
  KEYWORDS = {Humanities and Social Sciences,multidisciplinary,Science},
  LANGID = {english},
  NUMBER = {2845},
  PAGES = {673--674},
  TITLE = {The law of dispersion and {{Bohr}}'s theory of spectra},
  URLDATE = {2023-03-19},
  VOLUME = {113},
}

@ARTICLE{Kramers1925,
  AUTHOR = {Kramers, H. A. and Heisenberg, W.},
  URL = {https://doi.org/10.1007/BF02980624},
  DATE = {1925-02-01},
  DOI = {10.1007/BF02980624},
  ISSN = {0044-3328},
  JOURNALTITLE = {Zeitschrift für Physik},
  LANGID = {ngerman},
  NUMBER = {1},
  PAGES = {681--708},
  SHORTJOURNAL = {Z. Physik},
  TITLE = {Über die Streuung von Strahlung durch Atome},
  URLDATE = {2023-03-19},
  VOLUME = {31},
}

@ARTICLE{Raman1922,
  AUTHOR = {Raman, C. V.},
  URL = {http://rspa.royalsocietypublishing.org/cgi/doi/10.1098/rspa.1922.0025},
  DATE = {1922-04},
  DOI = {10.1098/rspa.1922.0025},
  ISSN = {1364-5021},
  JOURNALTITLE = {Proceedings of the Royal Society A: Mathematical, Physical and Engineering Sciences},
  NUMBER = {708},
  PAGES = {64--80},
  TITLE = {On the molecular scattering of light in water and the colour of the sea},
  URLDATE = {2011-02-24},
  VOLUME = {101},
}

@ARTICLE{Raman1928,
  AUTHOR = {Raman, C. V. and Krishnan, K. S.},
  PUBLISHER = {Nature Publishing Group},
  URL = {https://www.nature.com/articles/121501c0},
  DATE = {1928-03},
  DOI = {10.1038/121501c0},
  ISSN = {1476-4687},
  ISSUE = {3048},
  JOURNALTITLE = {Nature},
  KEYWORDS = {Humanities and Social Sciences,multidisciplinary,Science},
  LANGID = {english},
  NUMBER = {3048},
  PAGES = {501--502},
  TITLE = {A new type of secondary radiation},
  URLDATE = {2023-03-19},
  VOLUME = {121},
}

@ARTICLE{Raman1928a,
  AUTHOR = {Raman, C. V.},
  PUBLISHER = {Nature Publishing Group},
  URL = {https://www.nature.com/articles/121619b0},
  DATE = {1928-04},
  DOI = {10.1038/121619b0},
  ISSN = {1476-4687},
  ISSUE = {3051},
  JOURNALTITLE = {Nature},
  KEYWORDS = {Humanities and Social Sciences,multidisciplinary,Science},
  LANGID = {english},
  NUMBER = {3051},
  PAGES = {619--619},
  TITLE = {A change of wave-length in light scattering},
  URLDATE = {2023-03-19},
  VOLUME = {121},
}

@ARTICLE{Landsberg1928,
  AUTHOR = {Landsberg, G. S. and Mandelstam, L. I.},
  URL = {https://doi.org/10.1007/BF01506807},
  DATE = {1928-07-01},
  DOI = {10.1007/BF01506807},
  ISSN = {1432-1904},
  JOURNALTITLE = {Naturwissenschaften},
  LANGID = {ngerman},
  NUMBER = {28},
  PAGES = {557--558},
  SHORTJOURNAL = {Naturwissenschaften},
  TITLE = {Eine neue Erscheinung bei der Lichtzerstreuung in Krystallen},
  URLDATE = {2023-04-01},
  VOLUME = {16},
}

@ARTICLE{Landsberg1928a,
  AUTHOR = {Landsberg, Gr. and Mandelstam, L.},
  URL = {https://doi.org/10.1007/BF01339412},
  DATE = {1928-11-01},
  DOI = {10.1007/BF01339412},
  ISSN = {0044-3328},
  JOURNALTITLE = {Zeitschrift für Physik},
  LANGID = {ngerman},
  NUMBER = {11},
  PAGES = {769--780},
  SHORTJOURNAL = {Z. Physik},
  TITLE = {Über die Lichtzerstreuung in Kristallen},
  URLDATE = {2023-04-01},
  VOLUME = {50},
}

@INCOLLECTION{Cardona1974,
  AUTHOR = {Cardona, M.},
  LOCATION = {Boston, MA},
  PUBLISHER = {Springer US},
  URL = {http://link.springer.com/10.1007/978-1-4684-2823-0_10},
  BOOKTITLE = {Elementary {{Excitations}} in {{Solids}}, {{Molecules}}, and {{Atom}}, {{Part B}}},
  DATE = {1974},
  DOI = {10.1007/978-1-4684-2823-0_10},
  KEYWORDS = {\_tablet,Raman spectroscopy},
  PAGES = {269--291},
  TITLE = {Resonant {{Raman}} scattering in semiconductors},
}

@ARTICLE{Mulliken1930,
  AUTHOR = {Mulliken, Robert S.},
  PUBLISHER = {American Physical Society},
  URL = {https://link.aps.org/doi/10.1103/PhysRev.36.611},
  DATE = {1930-08-15},
  DOI = {10.1103/PhysRev.36.611},
  JOURNALTITLE = {Physical Review},
  NUMBER = {4},
  PAGES = {611--629},
  SHORTJOURNAL = {Phys. Rev.},
  TITLE = {Report on notation for spectra of diatomic molecules},
  URLDATE = {2023-03-19},
  VOLUME = {36},
}

@ARTICLE{Mulliken1955,
  AUTHOR = {Mulliken, Robert S.},
  URL = {https://aip.scitation.org/doi/10.1063/1.1740655},
  DATE = {1955},
  DOI = {10.1063/1.1740655},
  JOURNALTITLE = {Journal of Chemical Physics},
  KEYWORDS = {\_tablet},
  NUMBER = {11},
  PAGES = {1997},
  TITLE = {Report on notation for the spectra of polyatomic molecules},
  VOLUME = {23},
}

@ARTICLE{Mulliken1956,
  AUTHOR = {Mulliken, Robert S.},
  PUBLISHER = {American Institute of Physics},
  URL = {https://aip.scitation.org/doi/10.1063/1.1742716},
  DATE = {1956-05},
  DOI = {10.1063/1.1742716},
  ISSN = {0021-9606},
  JOURNALTITLE = {The Journal of Chemical Physics},
  NUMBER = {5},
  PAGES = {1118--1118},
  SHORTJOURNAL = {J. Chem. Phys.},
  SHORTTITLE = {Erratum},
  TITLE = {Erratum: {{Report}} on notation for the spectra of polyatomic molecules},
  URLDATE = {2023-03-19},
  VOLUME = {24},
}

@ARTICLE{Brillouin1922,
  AUTHOR = {Brillouin, Léon},
  URL = {http://www.annphys.org/10.1051/anphys/192209170088},
  DATE = {1922},
  DOI = {10.1051/anphys/192209170088},
  ISSN = {0003-4169, 1286-4838},
  JOURNALTITLE = {Annales de Physique},
  NUMBER = {17},
  PAGES = {88--122},
  SHORTJOURNAL = {Ann. Phys.},
  SHORTTITLE = {Diffusion de la lumière et des rayons {{X}} par un corps transparent homogène},
  TITLE = {Diffusion de la lumière et des rayons {{X}} par un corps transparent homogène: {{Influence}} de l'agitation thermique},
  URLDATE = {2023-08-05},
  VOLUME = {9},
}

@BOOK{Pankove1975,
  AUTHOR = {Pankove, Jacques I.},
  LOCATION = {New York},
  PUBLISHER = {Dover Publications, Inc.},
  DATE = {1975},
  ISBN = {978-0-486-13870-1},
  KEYWORDS = {book-available,starred},
  PAGETOTAL = {470},
  TITLE = {Optical processes in semiconductors},
}

@ARTICLE{Loudon1964,
  AUTHOR = {Loudon, R.},
  URL = {http://www.tandfonline.com/doi/abs/10.1080/00018736400101051},
  DATE = {1964-10},
  DOI = {10.1080/00018736400101051},
  ISSN = {0001-8732},
  JOURNALTITLE = {Advances in Physics},
  KEYWORDS = {\_tablet,Raman spectroscopy},
  NUMBER = {52},
  PAGES = {423--482},
  TITLE = {The {{Raman}} effect in crystals},
  VOLUME = {13},
}

@ARTICLE{Senga2019,
  AUTHOR = {Senga, Ryosuke and Suenaga, Kazu and Barone, Paolo and Morishita, Shigeyuki and Mauri, Francesco and Pichler, Thomas},
  PUBLISHER = {Nature Publishing Group},
  URL = {http://www.nature.com/articles/s41586-019-1477-8},
  ANNOTATION = {Bandiera\_abtest: a Cg\_type: Nature Research Journals Primary\_atype: Research Subject\_term: Characterization and analytical techniques;Computational methods;Mechanical and structural properties and devices;Transmission electron microscopy;Two-dimensional materials Subject\_term\_id: characterization-and-analytical-techniques;computational-methods;mechanical-and-structural-properties-and-devices;transmission-electron-microscopy;two-dimensional-materials},
  DATE = {2019-09},
  DOI = {10.1038/s41586-019-1477-8},
  ISSN = {1476-4687},
  ISSUE = {7773},
  JOURNALTITLE = {Nature},
  LANGID = {english},
  NUMBER = {7773},
  PAGES = {247--250},
  TITLE = {Position and momentum mapping of vibrations in graphene nanostructures},
  URLDATE = {2021-09-28},
  VOLUME = {573},
}

@THESIS{Qiu2019,
  AUTHOR = {Qiu, Zhen},
  INSTITUTION = {Uppsala university},
  URL = {http://urn.kb.se/resolve?urn=urn%3Anbn%3Ase%3Auu%3Adiva-380575},
  DATE = {2019-05},
  KEYWORDS = {\_tablet},
  TITLE = {Transition metal-based electrocatalysts for alkaline water splitting and {{CO}}{$_2$} reduction},
  TYPE = {phdthesis},
  URLDATE = {2019-05-10},
}

@BOOK{Stroscio2005,
  AUTHOR = {Stroscio, Michael A. and Dutta, Mitra},
  PUBLISHER = {Cambridge University Press},
  DATE = {2005},
  ISBN = {978-0-521-01805-0},
  KEYWORDS = {\_tablet},
  TITLE = {Phonons in nanostructures},
}

@ARTICLE{Ovander1962,
  AUTHOR = {Ovander, L. N.},
  DATE = {1962},
  JOURNALTITLE = {Soviet Physics Solid State},
  KEYWORDS = {\_tablet,Raman spectroscopy},
  NUMBER = {6},
  PAGES = {1081},
  TITLE = {Resonance {{Raman}} scattering in crystals},
  VOLUME = {4},
}

@BOOK{Cardona1983,
  EDITOR = {Cardona, Manuel},
  LOCATION = {New York},
  PUBLISHER = {Springer-Verlag},
  DATE = {1983},
  EDITION = {2},
  KEYWORDS = {\_tablet,Raman spectroscopy,starred},
  PAGETOTAL = {357},
  SERIES = {Topics in {{Applied Physics}}},
  TITLE = {Light scattering in solids {{I Introductory}} concepts},
  VOLUME = {8},
}

@ARTICLE{Davies2008,
  AUTHOR = {Davies, P. L. and Gather, U. and Meise, M. and Mergel, D. and Mildenberger, T.},
  DATE = {2008},
  DOI = {10.1214/08-AOAS181},
  JOURNALTITLE = {The Annals of Applied Statistics},
  KEYWORDS = {\_tablet,peak fitting,PXRD,R-project,software,XRD},
  NUMBER = {3},
  PAGES = {861--886},
  TITLE = {Residual-based localization and quantification of peaks in {{X-ray}} diffractograms},
  VOLUME = {2},
}

@BOOK{Woolard1966,
  AUTHOR = {Woolard, Edgar W. and Clemence, G. M.},
  PUBLISHER = {Elsevier},
  DATE = {1966},
  ISBN = {978-0-12-395702-3},
  KEYWORDS = {astronomical refraction},
  LANGID = {english},
  TITLE = {Spherical astronomy},
}

@ARTICLE{Peng2023,
  AUTHOR = {Peng, Min and Sun, Shibin and Xu, Bin and Deng, Zhengtao},
  URL = {https://onlinelibrary.wiley.com/doi/abs/10.1002/adfm.202300583},
  DATE = {2023},
  DOI = {10.1002/adfm.202300583},
  ISSN = {1616-3028},
  JOURNALTITLE = {Advanced Functional Materials},
  KEYWORDS = {blue overshoot,cyan gaps,full-visible-spectrum lighting,perovskite nanocrystals,white light-emitting diodes},
  LANGID = {english},
  NUMBER = {n/a},
  PAGES = {2300583},
  TITLE = {Polymer-encapsulated halide perovskite color converters to overcome blue overshoot and cyan gap of white light-emitting diodes},
  URLDATE = {2023-04-12},
  VOLUME = {33},
}

@ARTICLE{Tayade2009,
  AUTHOR = {Tayade, Rajesh J. and Natarajan, Thillai Sivakumar and Bajaj, Hari C.},
  URL = {http://pubs.acs.org/doi/abs/10.1021/ie9012437},
  DATE = {2009-12-02},
  DOI = {10.1021/ie9012437},
  ISSN = {0888-5885},
  JOURNALTITLE = {Industrial \& Engineering Chemistry Research},
  KEYWORDS = {LED illumination,methylene blue,photocatalytic activity,photodegradation,titanium dioxide,UV-LED illumination},
  NUMBER = {23},
  PAGES = {10262--10267},
  TITLE = {Photocatalytic degradation of methylene blue dye using ultraviolet light emitting diodes},
  VOLUME = {48},
}

@ARTICLE{Mills1999,
  AUTHOR = {Mills, Andrew and Wang, Jishun},
  URL = {http://linkinghub.elsevier.com/retrieve/pii/S1010603099001434},
  DATE = {1999-10},
  DOI = {10.1016/S1010-6030(99)00143-4},
  ISSN = {10106030},
  JOURNALTITLE = {Journal of Photochemistry and Photobiology A: Chemistry},
  KEYWORDS = {degradation mechanism,methylene blue,photocatalytic degradation,reduction potential},
  NUMBER = {1-3},
  PAGES = {123--134},
  SHORTJOURNAL = {J. Photochem. Photobiol. A. Chem.},
  TITLE = {Photobleaching of methylene blue sensitised by {{TiO}}{$_2$}: an ambiguous system?},
  VOLUME = {127},
}

@ARTICLE{Knoll1932,
  AUTHOR = {Knoll, M. and Ruska, E.},
  URL = {https://doi.org/10.1007/BF01342199},
  DATE = {1932-05-01},
  DOI = {10.1007/BF01342199},
  ISSN = {0044-3328},
  JOURNALTITLE = {Zeitschrift für Physik},
  LANGID = {ngerman},
  NUMBER = {5},
  PAGES = {318--339},
  SHORTJOURNAL = {Z. Physik},
  TITLE = {Das Elektronenmikroskop},
  URLDATE = {2023-03-21},
  VOLUME = {78},
}

@ARTICLE{Knoll1932a,
  AUTHOR = {Knoll, M. and Ruska, E.},
  URL = {https://onlinelibrary.wiley.com/doi/abs/10.1002/andp.19324040506},
  DATE = {1932},
  DOI = {10.1002/andp.19324040506},
  ISSN = {1521-3889},
  JOURNALTITLE = {Annalen der Physik},
  LANGID = {english},
  NUMBER = {5},
  PAGES = {607--640},
  TITLE = {Beitrag zur geometrischen {{Elektronenoptik}}. {{I}}},
  URLDATE = {2023-03-21},
  VOLUME = {404},
}

@ARTICLE{Knoll1932b,
  AUTHOR = {Knoll, M. and Ruska, E.},
  URL = {https://onlinelibrary.wiley.com/doi/abs/10.1002/andp.19324040602},
  DATE = {1932},
  DOI = {10.1002/andp.19324040602},
  ISSN = {1521-3889},
  JOURNALTITLE = {Annalen der Physik},
  LANGID = {english},
  NUMBER = {6},
  PAGES = {641--661},
  TITLE = {Beitrag zur geometrischen {{Elektronenoptik}}. {{II}}},
  URLDATE = {2023-03-21},
  VOLUME = {404},
}

@BOOK{Williams1996,
  AUTHOR = {Williams, David B. and Carter, C. Barry},
  PUBLISHER = {Springer Science+Business Media},
  DATE = {1996},
  ISBN = {978-0-306-45324-3},
  KEYWORDS = {TEM},
  TITLE = {Transmission electron microscopy: a textbook for materials science},
}

@PATENT{vonArdenne1939,
  AUTHOR = {von Ardenne, Manfred},
  HOLDER = {{Manfred von Ardenne}},
  URL = {https://worldwide.espacenet.com/publicationDetails/biblio?FT=D&date=19390815&DB=&locale=en_EP&CC=GB&NR=511204A&KC=A&ND=1},
  DATE = {1939-08-15},
  NUMBER = {511204~(A)},
  TITLE = {Improvements in electron microscopes},
  TYPE = {patentuk},
  URLDATE = {2023-03-21},
}

@BOOK{Goodhew2001,
  AUTHOR = {Goodhew, Peter J. and Humphreys, John and Beanland, Richard},
  LOCATION = {London},
  PUBLISHER = {Taylor \& Francis},
  DATE = {2001},
  EDITION = {3},
  ISBN = {0-7484-0968-8},
  KEYWORDS = {book-available,SEM,TEM},
  PAGETOTAL = {251},
  TITLE = {Electron microscopy and analysis},
}

@ARTICLE{Holzwarth2011,
  AUTHOR = {Holzwarth, Uwe and Gibson, Neil},
  URL = {http://www.ncbi.nlm.nih.gov/pubmed/21873991},
  DATE = {2011-08-28},
  DOI = {10.1038/nnano.2011.145},
  EPRINT = {21873991},
  EPRINTTYPE = {pmid},
  ISSN = {1748-3387},
  JOURNALTITLE = {Nature Nanotechnology},
  NUMBER = {9},
  PAGES = {534--534},
  TITLE = {The {{Scherrer}} equation versus the '{{Debye-Scherrer}} equation'},
  VOLUME = {6},
}

@ARTICLE{McCarthy1989,
  AUTHOR = {McCarthy, Gregory J. and Welton, Jean M.},
  DATE = {1989},
  ISSN = {0885-7156},
  JOURNALTITLE = {Powder Diffraction},
  KEYWORDS = {tin oxide,XRD},
  PAGES = {156--159},
  TITLE = {X-ray diffraction data for {{SnO}}{$_2$}. {{An}} illustration of the new powder data evaluation methods},
  VOLUME = {4},
}

@ARTICLE{McMurdie1986,
  AUTHOR = {McMurdie, Howard F. and Morris, Marlene C. and Evans, Eloise H. and Paretzkin, Boris and Wong-Ng, Winnie and Ettlinger, Lisa and Hubbard, Camden R.},
  DATE = {1986},
  JOURNALTITLE = {Powder Diffraction},
  KEYWORDS = {XRD,zinc oxide},
  NUMBER = {2},
  PAGES = {64--77},
  TITLE = {Standard {{X-ray}} diffraction powder patterns from the {{JCPDS}} research associateship},
  VOLUME = {1},
}

@ARTICLE{Avese2000,
  AUTHOR = {Avese, A. Lessandro P. and Evy, D. Avide L. and Oser, Andreas H.},
  URL = {http://www.minsocam.org/MSA/AmMin/TOC/2000/Oct00.html},
  DATE = {2000},
  JOURNALTITLE = {American Mineralogist},
  KEYWORDS = {XRD,zinc iron oxide},
  PAGES = {1497--1502},
  TITLE = {Cation distribution in synthetic zinc ferrite ({{Zn}}{\textsubscript{0.97}}{{Fe}}{\textsubscript{2.02}}{{O}}{\textsubscript{4}}) from in situ high-temperature neutron powder diffraction},
  VOLUME = {85},
}

@ARTICLE{Fjellvag1996,
  AUTHOR = {Fjellvåg, Helmer and Grønvold, Fredrik and Stølen, Svein and Hauback, Bjørn},
  URL = {http://linkinghub.elsevier.com/retrieve/pii/S0022459696902066},
  DATE = {1996-06},
  DOI = {10.1006/jssc.1996.0206},
  ISSN = {00224596},
  JOURNALTITLE = {Journal of Solid State Chemistry},
  KEYWORDS = {iron oxide,wustite,XRD},
  NUMBER = {1},
  PAGES = {52--57},
  TITLE = {On the {{Crystallographic}} and {{Magnetic Structures}} of {{Nearly Stoichiometric Iron Monoxide}}},
  URLDATE = {2012-09-27},
  VOLUME = {124},
}

@REPORT{Swanson1967,
  AUTHOR = {Swanson, H. E. and McMurdie, H. F. and Morris, M. C. and Evans, E. H.},
  INSTITUTION = {National Bureau of Standards},
  URL = {http://digital.library.unt.edu/ark:/67531/metadc13213/},
  DATE = {1967},
  KEYWORDS = {iron oxide,magnetite,XRD},
  PAGES = {98},
  TITLE = {Standard {{X-ray}} diffraction powder patterns: {{Section}} 5. {{Data}} for 80 substances.},
}

@REPORT{Morris1981,
  AUTHOR = {Morris, Marlene C. and McMurdie, Howard F. and Evans, Eloise H. and Paretzkin, Boris and Parker, Harry S. and Panagiotopoulos, Nicolas C. and Hubbard, Camden R.},
  URL = {http://digital.library.unt.edu/ark:/67531/metadc13210/},
  DATE = {1981},
  ISBN = {0030030137},
  KEYWORDS = {hematite,iron oxide,XRD},
  PAGES = {114},
  TITLE = {Standard {{X-ray}} diffraction powder patterns: section 18 -- data for 58 substances},
}

@BOOK{Schwertmann2000,
  AUTHOR = {Schwertmann, U. and Cornell, R. M.},
  PUBLISHER = {Wiley-VCH},
  DATE = {2000-11},
  EDITION = {2},
  ISBN = {3-527-29669-7},
  KEYWORDS = {\_tablet,iron oxides},
  NUMBER = {5},
  PAGETOTAL = {369},
  TITLE = {Iron oxides in the laboratory: preparation and characterization},
  VOLUME = {156},
}

@BOOK{Cornell2003,
  AUTHOR = {Cornell, R. M. and Schwertmann, U.},
  PUBLISHER = {Wiley-VCH Verlag GmbH \& Co.},
  DATE = {2003},
  EDITION = {2},
  ISBN = {3-527-30274-3},
  KEYWORDS = {\_tablet,iron oxides,Raman spectroscopy},
  PAGETOTAL = {3-527},
  TITLE = {The iron oxides: {{Structure}}, properties, reactions, occurences and uses},
}

@ARTICLE{Einstein1905,
  AUTHOR = {Einstein, Albert},
  DATE = {1965},
  DOI = {10.1119/1.1971542},
  ISSN = {00029505},
  JOURNALTITLE = {American Journal of Physics},
  NUMBER = {5},
  PAGES = {367},
  TITLE = {Concerning an heuristic point of view toward the emission and transformation of light},
  VOLUME = {33},
}

@ARTICLE{Greczynski2023,
  AUTHOR = {Greczynski, Grzegorz and Haasch, Richard T. and Hellgren, Niklas and Lewin, Erik and Hultman, Lars},
  PUBLISHER = {Nature Publishing Group},
  URL = {https://www.nature.com/articles/s43586-023-00225-y},
  DATE = {2023-05-25},
  DOI = {10.1038/s43586-023-00225-y},
  ISSN = {2662-8449},
  ISSUE = {1},
  JOURNALTITLE = {Nature Reviews Methods Primers},
  KEYWORDS = {interfaces and thin films,starred,XPS},
  LANGID = {english},
  NUMBER = {1},
  PAGES = {1--19},
  SHORTJOURNAL = {Nat Rev Methods Primers},
  TITLE = {X-ray photoelectron spectroscopy of thin films},
  URLDATE = {2023-08-07},
  VOLUME = {3},
}

@ARTICLE{Siegbahn1968,
  AUTHOR = {Siegbahn, K. and Nordling, C. and Fahlman, A. and Nordberg, R. and Hamrin, K. and Hedman, J. and Johansson, G. and Bergmark, T. and Karlsson, S.-E. and Lindgren, I. and Lindberg, B.},
  PUBLISHER = {EDP Sciences},
  URL = {https://www.annphys.org/articles/anphys/abs/1968/03/anphys19681403p281/anphys19681403p281.html},
  DATE = {1968},
  DOI = {10.1051/anphys/196814030281},
  ISSN = {0003-4169, 1286-4838},
  ISSUE = {3},
  JOURNALTITLE = {Annales de Physique},
  LANGID = {french},
  NUMBER = {3},
  PAGES = {281--329},
  SHORTJOURNAL = {Ann. Phys.},
  TITLE = {ESCA une spectroscopie d'électrons appliquée à l'étude de la structure des atomes, des molécules et des corps solides},
  URLDATE = {2023-03-16},
  VOLUME = {14},
}

@ARTICLE{Wojdyr2010,
  AUTHOR = {Wojdyr, Marcin},
  PUBLISHER = {International Union of Crystallography},
  DATE = {2010},
  DOI = {10.1107/S0021889810030499},
  ISSN = {00218898},
  JOURNALTITLE = {Journal of Applied Crystallography},
  KEYWORDS = {\_tablet,curve fitting,Pawley refinement,peak fitting,Raman spectroscopy,XRD},
  PAGES = {1126--1128},
  SHORTJOURNAL = {J. Appl. Cryst.},
  TITLE = {Fityk: a general-purpose peak fitting program},
  VOLUME = {43},
}

@BOOK{Dyson2000,
  AUTHOR = {Dyson, Freeman J.},
  PUBLISHER = {Oxford University Press},
  DATE = {2000},
  ISBN = {978-0-19-513922-8},
  TITLE = {The {{Sun}}, the genome, and the {{Internet}}: tools of scientific revolution},
}

@ONLINE{Hoffmann2023,
  AUTHOR = {Hoffmann, Jay},
  ORGANIZATION = {The history of the web},
  URL = {https://thehistoryoftheweb.com/postscript/the-webs-most-important-decision},
  DATE = {2023},
  TITLE = {The web's most important decision},
  URLDATE = {2023-07-30},
}

@ONLINE{KungligaBiblioteket2023,
  AUTHOR = {{Kungliga Biblioteket}},
  URL = {https://www.kb.se/samverkan-och-utveckling/nationella-riktlinjer-for-oppen-vetenskap/forslag-till-riktlinjer.html},
  DATE = {2023-10-03},
  TITLE = {Proposal for {{National}} guidelines for open science},
  URLDATE = {2023-10-03},
}

@REPORT{UNESCO2021,
  AUTHOR = {{UNESCO}},
  INSTITUTION = {United Nations Educational, Scientific and Cultural Organization},
  LOCATION = {Paris},
  URL = {https://www.unesco.org/en/legal-affairs/recommendation-open-science},
  DATE = {2021-11-23},
  NUMBER = {CL/4381},
  TITLE = {Recommendation on open science},
}

@REPORT{OECD2007,
  AUTHOR = {{OECD}},
  INSTITUTION = {Organisation for economic co-operation and development},
  LOCATION = {Paris},
  URL = {http://www.oecd.org/science/sci-tech/oecdprinciplesandguidelinesforaccesstoresearchdatafrompublicfunding.htm},
  DATE = {2007},
  DOI = {10.1787/9789264034020-en-fr},
  ISBN = {9789264034020},
  TITLE = {{{OECD}} principles and guidelines for access to research data from public funding},
}

@ARTICLE{McEwen2023,
  AUTHOR = {McEwen, Leah and Bruno, Ian},
  EDITORA = {Mustafa, Fatima and Hartshorn, Richard M. and Chalk, Stuart and Bolton, Evan},
  PUBLISHER = {Zenodo},
  URL = {https://zenodo.org/record/7887282},
  DATE = {2023-05-31},
  DOI = {10.5281/ZENODO.7887282},
  EDITORATYPE = {collaborator},
  KEYWORDS = {Cheminformatics,chemistry,data interoperability,Data Reporting,Digital IUPAC,FAIR Chemical Data,FAIR data,Guidance,open data},
  LANGID = {english},
  TITLE = {{{WorldFAIR Project}} ({{D3}}.1) {{Digital}} recommendations for {{Chemistry FAIR}} data policy and practice},
  URLDATE = {2023-08-22},
  VERSION = {1},
}

@ARTICLE{Scheffler2022,
  AUTHOR = {Scheffler, Matthias and Aeschlimann, Martin and Albrecht, Martin and Bereau, Tristan and Bungartz, Hans-Joachim and Felser, Claudia and Greiner, Mark and Groß, Axel and Koch, Christoph T. and Kremer, Kurt and Nagel, Wolfgang E. and Scheidgen, Markus and Wöll, Christof and Draxl, Claudia},
  PUBLISHER = {Nature Publishing Group},
  URL = {https://www.nature.com/articles/s41586-022-04501-x},
  DATE = {2022-04},
  DOI = {10.1038/s41586-022-04501-x},
  ISSN = {1476-4687},
  ISSUE = {7907},
  JOURNALTITLE = {Nature},
  KEYWORDS = {Materials science},
  LANGID = {english},
  NUMBER = {7907},
  PAGES = {635--642},
  TITLE = {{{FAIR}} data enabling new horizons for materials research},
  URLDATE = {2023-02-01},
  VOLUME = {604},
}

@ARTICLE{Lamprecht2020,
  AUTHOR = {Lamprecht, Anna-Lena and Garcia, Leyla and Kuzak, Mateusz and Martinez, Carlos and Arcila, Ricardo and Martin Del Pico, Eva and Dominguez Del Angel, Victoria and van de Sandt, Stephanie and Ison, Jon and Martinez, Paula Andrea and McQuilton, Peter and Valencia, Alfonso and Harrow, Jennifer and Psomopoulos, Fotis and Gelpi, Josep Ll and Chue Hong, Neil and Goble, Carole and Capella-Gutierrez, Salvador},
  PUBLISHER = {IOS Press},
  URL = {https://content.iospress.com/articles/data-science/ds190026},
  DATE = {2020-01-01},
  DOI = {10.3233/DS-190026},
  ISSN = {2451-8484},
  JOURNALTITLE = {Data Science},
  KEYWORDS = {FAIR,research software},
  LANGID = {english},
  NUMBER = {1},
  PAGES = {37--59},
  TITLE = {Towards {{FAIR}} principles for research software},
  URLDATE = {2022-12-07},
  VOLUME = {3},
}

@ONLINE{KungligaBiblioteket2019,
  AUTHOR = {{Kungliga Biblioteket}},
  URL = {https://openaccess.blogg.kb.se/2019/02/28/%e2%80%8bhur-blir-svensk-forskning-mer-tillganglig-och-ateranvandbar/},
  DATE = {2019-02},
  LANGID = {swedish},
  TITLE = {Vetenskapliga publikationer och FAIR-principerna –{} Bedömningskriterier och metod för att kunna följa utvecklingen mot ett öppet vetenskapssystem},
  TYPE = {Regeringsuppdrag},
  URLDATE = {2019-03-28},
}

@ARTICLE{Wilkinson2016,
  AUTHOR = {Wilkinson, Mark D. and Dumontier, Michel and Aalbersberg, IJsbrand Jan and Appleton, Gabrielle and Axton, Myles and Baak, Arie and Blomberg, Niklas and Boiten, Jan-Willem and Da Silva Santos, Luiz Bonino and Bourne, Philip E. and Bouwman, Jildau and Brookes, Anthony J. and Clark, Tim and Crosas, Mercè and Dillo, Ingrid and Dumon, Olivier and Edmunds, Scott and Evelo, Chris T. and Finkers, Richard and Gonzalez-Beltran, Alejandra and Gray, Alasdair J.G. and Groth, Paul and Goble, Carole and Grethe, Jeffrey S. and Heringa, Jaap and 'T Hoen, Peter A.C and Hooft, Rob and Kuhn, Tobias and Kok, Ruben and Kok, Joost and Lusher, Scott J. and Martone, Maryann E. and Mons, Albert and Packer, Abel L. and Persson, Bengt and Rocca-Serra, Philippe and Roos, Marco and Van Schaik, Rene and Sansone, Susanna-Assunta and Schultes, Erik and Sengstag, Thierry and Slater, Ted and Strawn, George and Swertz, Morris A. and Thompson, Mark and Van Der Lei, Johan and Van Mulligen, Erik and Velterop, Jan and Waagmeester, Andra and Wittenburg, Peter and Wolstencroft, Katherine and Zhao, Jun and Mons, Barend},
  URL = {https://www.nature.com/articles/sdata201618},
  DATE = {2016-03-15},
  DOI = {10.1038/sdata.2016.18},
  ISSN = {2052-4463},
  JOURNALTITLE = {Scientific Data},
  KEYWORDS = {data management},
  LANGID = {english},
  NUMBER = {1},
  PAGES = {160018},
  SHORTJOURNAL = {Sci Data},
  TITLE = {The {{FAIR Guiding Principles}} for scientific data management and stewardship},
  URLDATE = {2023-08-13},
  VOLUME = {3},
}

@ARTICLE{Borgman2022,
  AUTHOR = {Borgman, Christine L. and Bourne, Philip E.},
  URL = {https://hdsr.mitpress.mit.edu/pub/wyxni26q},
  DATE = {2022-07-28},
  DOI = {10.1162/99608f92.42eec111},
  JOURNALTITLE = {Harvard Data Science Review},
  LANGID = {english},
  TITLE = {Why it takes a village to manage and share data},
  URLDATE = {2023-10-26},
}

@ARTICLE{Mons2020,
  AUTHOR = {Mons, Barend},
  PUBLISHER = {Nature Publishing Group},
  URL = {http://www.nature.com/articles/d41586-020-00505-7},
  DATE = {2020-02-25},
  DOI = {10.1038/d41586-020-00505-7},
  ISSUE = {7796},
  JOURNALTITLE = {Nature},
  LANGID = {english},
  NUMBER = {7796},
  PAGES = {491--491},
  TITLE = {Invest 5\% of research funds in ensuring data are reusable},
  URLDATE = {2021-01-04},
  VOLUME = {578},
}

@ARTICLE{Barker2022,
  AUTHOR = {Barker, Michelle and Chue Hong, Neil P. and Katz, Daniel S. and Lamprecht, Anna-Lena and Martinez-Ortiz, Carlos and Psomopoulos, Fotis and Harrow, Jennifer and Castro, Leyla Jael and Gruenpeter, Morane and Martinez, Paula Andrea and Honeyman, Tom},
  URL = {https://www.nature.com/articles/s41597-022-01710-x},
  DATE = {2022-10-14},
  DOI = {10.1038/s41597-022-01710-x},
  ISSN = {2052-4463},
  JOURNALTITLE = {Scientific Data},
  KEYWORDS = {FAIR,ReSA,research software},
  LANGID = {english},
  NUMBER = {1},
  PAGES = {622},
  SHORTJOURNAL = {Sci Data},
  TITLE = {Introducing the {{FAIR Principles}} for research software},
  URLDATE = {2023-09-30},
  VOLUME = {9},
}

@ARTICLE{Gomes2022,
  AUTHOR = {Gomes, Dylan G. E. and Pottier, Patrice and Crystal-Ornelas, Robert and Hudgins, Emma J. and Foroughirad, Vivienne and Sánchez-Reyes, Luna L. and Turba, Rachel and Martinez, Paula Andrea and Moreau, David and Bertram, Michael G. and Smout, Cooper A. and Gaynor, Kaitlyn M.},
  PUBLISHER = {Royal Society},
  URL = {https://royalsocietypublishing.org/doi/10.1098/rspb.2022.1113},
  DATE = {2022-11-30},
  DOI = {10.1098/rspb.2022.1113},
  JOURNALTITLE = {Proceedings of the Royal Society B: Biological Sciences},
  KEYWORDS = {code reuse{\aftergroup\ignorespaces},data reuse,data science,open science,reproducibility,transparency},
  NUMBER = {1987},
  PAGES = {20221113},
  SHORTTITLE = {Why don't we share data and code?},
  TITLE = {Why don't we share data and code? {{Perceived}} barriers and benefits to public archiving practices},
  URLDATE = {2023-01-07},
  VOLUME = {289},
}

@SOFTWARE{Yehudi2019,
  EDITORA = {Yehudi, Yo and Aragon, Selina and Mun, Yee and Konovalov, Alexander and Knight, Vince and Rivière, Philippe and Willighagen, Egon and Ilozulu, Chris and Morley, Alexander},
  URL = {https://codeisscience.com},
  DATE = {2019},
  DOI = {10.5281/zenodo.3484107},
  EDITORATYPE = {collaborator},
  TITLE = {Code is science manifesto},
  VERSION = {1.0},
}

@ARTICLE{Perkel2021,
  AUTHOR = {Perkel, Jeffrey M.},
  URL = {https://www.nature.com/articles/d41586-021-00263-0},
  DATE = {2021-02-04},
  DOI = {10.1038/d41586-021-00263-0},
  ISSN = {0028-0836, 1476-4687},
  JOURNALTITLE = {Nature},
  LANGID = {english},
  NUMBER = {7844},
  PAGES = {173--174},
  SHORTJOURNAL = {Nature},
  TITLE = {Five reasons why researchers should learn to love the command line},
  URLDATE = {2023-10-28},
  VOLUME = {590},
}

@ARTICLE{Hanisch2022,
  AUTHOR = {Hanisch, Robert and Chalk, Stuart and Coulon, Romain and Cox, Simon and Emmerson, Steven and Flamenco Sandoval, Francisco Javier and Forbes, Alistair and Frey, Jeremy and Hall, Blair and Hartshorn, Richard and Heus, Pascal and Hodson, Simon and Hosaka, Kazumoto and Hutzschenreuter, Daniel and Kang, Chu-Shik and Picard, Susanne and White, Ryan},
  URL = {https://www.nature.com/articles/d41586-022-01233-w},
  DATE = {2022-05-12},
  DOI = {10.1038/d41586-022-01233-w},
  ISSN = {0028-0836, 1476-4687},
  JOURNALTITLE = {Nature},
  LANGID = {english},
  NUMBER = {7909},
  PAGES = {222--224},
  SHORTJOURNAL = {Nature},
  SHORTTITLE = {Stop squandering data},
  TITLE = {Stop squandering data: make units of measurement machine-readable},
  URLDATE = {2023-10-28},
  VOLUME = {605},
}

@ARTICLE{Frey2020,
  AUTHOR = {Frey, Jeremy},
  URL = {https://www.degruyter.com/document/doi/10.1515/ci-2020-0418/html},
  DATE = {2020-10-01},
  DOI = {10.1515/ci-2020-0418},
  ISSN = {1365-2192, 0193-6484},
  JOURNALTITLE = {Chemistry International},
  LANGID = {english},
  NUMBER = {4},
  PAGES = {36--36},
  TITLE = {Digital representation of units of measure},
  URLDATE = {2023-10-28},
  VOLUME = {42},
}

@ARTICLE{CODATA2020,
  AUTHOR = {{CODATA task group on digital representation of units of measure} and Hanisch, Robert and Chalk, Stuart and Frey, Jeremy and Hodson, Simon and Boulton, Geoffrey and Cox, Simon and Hartshorn, Richard and Mons, Barend and Pergl, Hana and Thieme, Anne},
  PUBLISHER = {Zenodo},
  URL = {https://zenodo.org/record/4081656},
  DATE = {2020-10-12},
  DOI = {10.5281/ZENODO.4081656},
  LANGID = {english},
  SHORTTITLE = {Units of measure for humans and machines},
  TITLE = {Units of measure for humans and machines: making units clear for machine learning and beyond},
  URLDATE = {2023-10-28},
}

@BOOK{Gauch2003,
  AUTHOR = {Gauch, Jr., Hugh G.},
  LOCATION = {New York},
  PUBLISHER = {Cambridge University Press},
  ANNOTATION = {OCLC: 49225684},
  DATE = {2003},
  ISBN = {978-0-521-81689-2},
  LANGID = {english},
  TITLE = {Scientific method in practice},
}

@SOFTWARE{Davies2010,
  AUTHOR = {Davies, P. L. and Gather, U. and Meise, M. and Mergel, D. and Mildenberger, T.},
  ORGANIZATION = {CRAN},
  URL = {https://public.solarchemist.se/diffractometry},
  DATE = {2010},
  KEYWORDS = {\_tablet,in-print-collection--DEPRECATE,peak fitting,R-project,XRD},
  TITLE = {R package "diffractometry"},
}

@ARTICLE{Tauc1966,
  AUTHOR = {Tauc, J. and Grigorovici, R. and Vancu, A.},
  DATE = {1966},
  JOURNALTITLE = {Physica Status Solidi},
  KEYWORDS = {band gap,germanium,UV-Vis spectrometry},
  PAGES = {627--637},
  TITLE = {Optical properties and electronic structure of amorphous germanium},
  VOLUME = {15},
}

@ARTICLE{Viezbicke2015,
  AUTHOR = {Viezbicke, Brian D. and Patel, Shane and Davis, Benjamin E. and Birnie, Dunbar P.},
  URL = {http://onlinelibrary.wiley.com/doi/abs/10.1002/pssb.201552007},
  DATE = {2015},
  DOI = {10.1002/pssb.201552007},
  ISSN = {1521-3951},
  JOURNALTITLE = {physica status solidi (b)},
  KEYWORDS = {band gaps,near-edge absorptivity ratio,optical absorption,polycrystalline semiconductors,Tauc plots,thin films,ZnO},
  LANGID = {english},
  NUMBER = {8},
  PAGES = {1700--1710},
  SHORTTITLE = {Evaluation of the {{Tauc}} method for optical absorption edge determination},
  TITLE = {Evaluation of the {{Tauc}} method for optical absorption edge determination: {{ZnO}} thin films as a model system},
  URLDATE = {2021-07-28},
  VOLUME = {252},
}

@ARTICLE{Hernandez-Alonso2009,
  AUTHOR = {Hernández-Alonso, María D. and Fresno, Fernando and Suárez, Silvia and Coronado, Juan M.},
  URL = {http://xlink.rsc.org/?DOI=b907933e},
  DATE = {2009},
  DOI = {10.1039/b907933e},
  ISSN = {1754-5692},
  JOURNALTITLE = {Energy \& Environmental Science},
  NUMBER = {12},
  PAGES = {1231},
  TITLE = {Development of alternative photocatalysts to {{TiO}}{$_2$}: {{Challenges}} and opportunities},
  VOLUME = {2},
}

@ARTICLE{Burnside1999,
  AUTHOR = {Burnside, Shelly and Moser, Jacques-E. and Brooks, Keith and Grätzel, Michael and Cahen, David},
  URL = {http://pubs.acs.org/doi/abs/10.1021/jp9913867},
  DATE = {1999-10},
  DOI = {10.1021/jp9913867},
  ISSN = {1520-6106},
  JOURNALTITLE = {The Journal of Physical Chemistry B},
  KEYWORDS = {anatase,band positions,DSSC,photoelectrode,rutile,strontium titanate,titanium oxide},
  NUMBER = {43},
  PAGES = {9328--9332},
  TITLE = {Nanocrystalline mesoporous strontium titanate as photoelectrode material for photosensitized solar devices: increasing photovoltage through flatband potential engineering},
  VOLUME = {103},
}

@ARTICLE{Matsumoto1996,
  AUTHOR = {Matsumoto, Yasumichi},
  URL = {http://linkinghub.elsevier.com/retrieve/pii/S0022459696903333},
  DATE = {1996},
  DOI = {10.1006/jssc.1996.0333},
  ISSN = {00224596},
  JOURNALTITLE = {Journal of Solid State Chemistry},
  KEYWORDS = {band positions,iron oxide,photocatalysis},
  NUMBER = {2},
  PAGES = {227--234},
  TITLE = {Energy positions of oxide semiconductors and photocatalysis with iron complex oxides},
  VOLUME = {126},
}

@ARTICLE{Serpone1995,
  AUTHOR = {Serpone, Nick},
  URL = {http://linkinghub.elsevier.com/retrieve/pii/0927024894002304},
  DATE = {1995-01},
  DOI = {10.1016/0927-0248(94)00230-4},
  ISSN = {09270248},
  JOURNALTITLE = {Solar Energy Materials and Solar Cells},
  NUMBER = {1-4},
  PAGES = {369--379},
  TITLE = {Brief introductory remarks on heterogeneous photocatalysis},
  VOLUME = {38},
}

@ARTICLE{Kung1977,
  AUTHOR = {Kung, H. H. and Jarrett, H. S. and Sleight, A. W. and Ferretti, A.},
  URL = {http://link.aip.org/link/JAPIAU/v48/i6/p2463/s1&Agg=doi},
  DATE = {1977},
  DOI = {10.1063/1.324010},
  ISSN = {00218979},
  JOURNALTITLE = {Journal of Applied Physics},
  KEYWORDS = {band positions,barium titanate,cadmium iron oxide,cadmium oxide,icle,iron oxide,lead iron oxide,lead titanium tungsten oxide,mercury niobate,mercury tantalate,strontium titanate,titanium oxide,tungsten oxide},
  NUMBER = {6},
  PAGES = {2463},
  TITLE = {Semiconducting oxide anodes in photoassisted electrolysis of water},
  VOLUME = {48},
}

@ARTICLE{Kohl1977,
  AUTHOR = {Kohl, Paul A. and Frank, Steven N. and Bard, Allen J.},
  DATE = {1977},
  DOI = {10.1149/1.2133270},
  ISSN = {00134651},
  JOURNALTITLE = {Journal of The Electrochemical Society},
  KEYWORDS = {cadmium sulfide,chemical vapour deposition,gallium arsenide,gallium phosphide,indium phosphide,photoelectrochemistry,photoelectrode,photovoltaic,semiconductors,silicon,single-crystalline,solar cells,titanium oxide},
  NUMBER = {2},
  PAGES = {225},
  TITLE = {Semiconductor electrodes {{XI}}. {{Behavior}} of n- and p-type single crystal semiconductors covered with thin n-{{TiO}}{$_2$} films},
  VOLUME = {124},
}

@ARTICLE{Bolts1976,
  AUTHOR = {Bolts, Jeffrey M. and Wrighton, Mark S.},
  URL = {http://pubs.acs.org/doi/abs/10.1021/j100565a004},
  DATE = {1976-11},
  DOI = {10.1021/j100565a004},
  ISSN = {0022-3654},
  JOURNALTITLE = {The Journal of Physical Chemistry},
  NUMBER = {24},
  PAGES = {2641--2645},
  TITLE = {Correlation of photocurrent-voltage curves with flat-band potential for stable photoelectrodes for the photoelectrolysis of water},
  VOLUME = {80},
}

@ARTICLE{Laflere1974,
  AUTHOR = {Laflère, W. H. and Cardon, F. and Gomes, W. P.},
  URL = {http://linkinghub.elsevier.com/retrieve/pii/0039602874901368},
  DATE = {1974-08},
  DOI = {10.1016/0039-6028(74)90136-8},
  ISSN = {00396028},
  JOURNALTITLE = {Surface Science},
  KEYWORDS = {band positions,gallium arsenide},
  NUMBER = {2},
  PAGES = {541--552},
  TITLE = {On the differential capacitance of the {{n}}- and p-type gallium arsenide electrode},
  VOLUME = {44},
}

@ARTICLE{Kudo2009,
  AUTHOR = {Kudo, Akihiko and Miseki, Yugo},
  URL = {http://www.ncbi.nlm.nih.gov/pubmed/19088977},
  DATE = {2009},
  DOI = {10.1039/B800489G},
  EPRINT = {19088977},
  EPRINTTYPE = {pmid},
  ISSN = {0306-0012},
  JOURNALTITLE = {Chemical Society Reviews},
  KEYWORDS = {photocatalysis illustration},
  NUMBER = {1},
  PAGES = {253--278},
  TITLE = {Heterogeneous photocatalyst materials for water splitting},
  VOLUME = {38},
}

@ARTICLE{NavarroYerga2009,
  AUTHOR = {Navarro Yerga, Rufino M. and Álvarez Galván, M. Consuelo and del Valle, F. and Villoria de la Mano, José A. and Fierro, José L. G.},
  URL = {http://www.ncbi.nlm.nih.gov/pubmed/19536754},
  DATE = {2009-06-22},
  DOI = {10.1002/cssc.200900018},
  EPRINT = {19536754},
  EPRINTTYPE = {pmid},
  ISSN = {18645631},
  JOURNALTITLE = {ChemSusChem},
  KEYWORDS = {Catalysis,Hydrogen,Hydrogen: chemistry,Light,Photochemical Processes,photoelectrode,Semiconductors,Solar Energy,Water,water splitting},
  NUMBER = {6},
  PAGES = {471--485},
  TITLE = {Water splitting on semiconductor catalysts under visible-light irradiation},
  VOLUME = {2},
}

@ARTICLE{Gratzel2001,
  AUTHOR = {Grätzel, Michael},
  URL = {http://www.nature.com/doifinder/10.1038/35104607},
  DATE = {2001-11-15},
  DOI = {10.1038/35104607},
  EPRINT = {5},
  EPRINTTYPE = {arxiv},
  ISSUE = {November},
  JOURNALTITLE = {Nature},
  KEYWORDS = {PEC cell},
  PAGES = {338--344},
  TITLE = {Photoelectrochemical cells},
  VOLUME = {414},
}

@ARTICLE{Linsebigler1995a,
  AUTHOR = {Linsebigler, Amy L. and Lu, Guangquan and Yates, John T.},
  URL = {http://pubs.acs.org/doi/abs/10.1021/cr00035a013},
  DATE = {1995-05},
  DOI = {10.1021/cr00035a013},
  ISSN = {0009-2665},
  JOURNALTITLE = {Chemical Reviews},
  KEYWORDS = {photocatalysis,titanium oxide},
  NUMBER = {3},
  PAGES = {735--758},
  TITLE = {Photocatalysis on {{TiO}}{$_2$} surfaces: principles, mechanisms, and selected results},
  VOLUME = {95},
}

@ARTICLE{Nozik1978,
  AUTHOR = {Nozik, Arthur J.},
  URL = {http://arjournals.annualreviews.org/doi/abs/10.1146/annurev.pc.29.100178.001201},
  DATE = {1978-10},
  DOI = {10.1146/annurev.pc.29.100178.001201},
  ISSN = {0066-426X},
  JOURNALTITLE = {Annual Review of Physical Chemistry},
  NUMBER = {1},
  PAGES = {189--222},
  TITLE = {Photoelectrochemistry: applications to solar energy conversion},
  VOLUME = {29},
}

@ARTICLE{Gleria1975,
  AUTHOR = {Gleria, M. and Memming, R.},
  URL = {http://linkinghub.elsevier.com/retrieve/pii/0368187475851148},
  DATE = {1975-10-25},
  DOI = {10.1016/S0022-0728(75)80064-7},
  ISSN = {00220728},
  JOURNALTITLE = {Journal of Electroanalytical Chemistry},
  NUMBER = {1},
  PAGES = {163--175},
  TITLE = {Charge transfer processes at large band gap semiconductor electrodes: {{Reactions}} at {{SiC-electrodes}}},
  VOLUME = {65},
}

@INCOLLECTION{Miller2008,
  AUTHOR = {Miller, R. J. Dwayne and Memming, Rüdiger},
  EDITOR = {Archer, Mary D. and Nozik, Arthur J.},
  PUBLISHER = {Imperical College Press},
  URL = {https://www.worldscientific.com/doi/abs/10.1142/9781848161542_0002},
  BOOKTITLE = {Nanostructured and {{Photoelectrochemical Systems}} for {{Solar Photon Conversion}}},
  DATE = {2008-08-01},
  DOI = {10.1142/9781848161542_0002},
  ISBN = {978-1-86094-255-6},
  PAGES = {39--145},
  SERIES = {Series on {{Photoconversion}} of {{Solar Energy}}},
  TITLE = {Fundamentals in photoelectrochemistry},
  URLDATE = {2019-10-15},
  VOLUME = {3},
}

@BOOK{Morrison1980,
  AUTHOR = {Morrison, S. Roy},
  PUBLISHER = {Plenum press},
  DATE = {1980},
  EDITION = {1},
  ISBN = {0-306-40524-5},
  KEYWORDS = {EESEC grad course,PCPEC grad course,pdf-available},
  PAGETOTAL = {407},
  TITLE = {Electrochemistry at semiconductor and oxidized metal electrodes},
}

@BOOK{Sato1998,
  AUTHOR = {Sato, Norio},
  PUBLISHER = {Elsevier},
  DATE = {1998},
  ISBN = {978-0-444-82806-4},
  KEYWORDS = {EESEC grad course,pdf-available},
  TITLE = {Electrochemistry at metal and semiconductor electrodes},
}

@ARTICLE{Xu2000,
  AUTHOR = {Xu, Yong and Schoonen, Martin A. A.},
  URL = {http://www.minsocam.org/MSA/AmMin/TOC/2000/MA00.html},
  DATE = {2000},
  DOI = {10.2138/am-2000-0416},
  JOURNALTITLE = {American Mineralogist},
  KEYWORDS = {band gap,band positions},
  NUMBER = {3-4},
  PAGES = {543--556},
  TITLE = {The absolute energy positions of conduction and valence bands of selected semiconducting minerals},
  VOLUME = {85},
}

@ARTICLE{Krause1979,
  AUTHOR = {Krause, M. O. and Oliver, J. H.},
  URL = {http://link.aip.org/link/JPCRBU/v8/i2/p329/s1&Agg=doi},
  DATE = {1979},
  DOI = {10.1063/1.555595},
  ISSN = {00472689},
  JOURNALTITLE = {Journal of Physical and Chemical Reference Data},
  KEYWORDS = {auger effect,auger line width,k shell,l shell,level width,line width,natural width,x-ray,XRF},
  NUMBER = {2},
  PAGES = {329},
  TITLE = {Natural widths of atomic {{K}} and {{L}} levels, {{K$\alpha$ X-ray}} lines and several {{KLL Auger}} lines},
  URLDATE = {2012-05-02},
  VOLUME = {8},
}

@ARTICLE{Krause1979a,
  AUTHOR = {Krause, M. O.},
  URL = {http://link.aip.org/link/JPCRBU/v8/i2/p307/s1&Agg=doi},
  DATE = {1979},
  DOI = {10.1063/1.555594},
  ISSN = {00472689},
  JOURNALTITLE = {Journal of Physical and Chemical Reference Data},
  KEYWORDS = {\_tablet,atomic properties,auger yield,cence yield,coster-kronig yield,effective fluorescence yield,fluores-,k shell,l shell,non-radia1ive yield,partial level width,radiative yield,XRF},
  NUMBER = {2},
  PAGES = {307--327},
  TITLE = {Atomic radiative and radiationless yields for {{K}} and {{L}} shells},
  URLDATE = {2012-05-02},
  VOLUME = {8},
}

@BOOK{Lengyel1998,
  AUTHOR = {Lengyel, Tamás and Ure, Allan M. and Inczédy, János},
  EDITOR = {Lengyel, Tamás and Ure, Allan M. and Inczédy, János},
  PUBLISHER = {Blackwell Science},
  URL = {http://old.iupac.org/publications/analytical_compendium/},
  DATE = {1998},
  EDITION = {3},
  ISBN = {0-86542-615-5},
  KEYWORDS = {nomenclature,terminology},
  PAGETOTAL = {958},
  TITLE = {Compendium of analytical nomenclature: definitive rules 1997},
}

@ARTICLE{Moseley1913,
  AUTHOR = {Moseley, H. G. J.},
  PUBLISHER = {Taylor \& Francis},
  URL = {https://doi.org/10.1080/14786441308635052},
  DATE = {1913-12-01},
  DOI = {10.1080/14786441308635052},
  ISSN = {1941-5982},
  JOURNALTITLE = {The London, Edinburgh, and Dublin Philosophical Magazine and Journal of Science},
  NUMBER = {156},
  PAGES = {1024--1034},
  TITLE = {{{XCIII}}. {{The}} high-frequency spectra of the elements},
  URLDATE = {2023-08-03},
  VOLUME = {26},
}

@ARTICLE{Egdell2020,
  AUTHOR = {Egdell, Russell G. and Bruton, Elizabeth},
  PUBLISHER = {Royal Society},
  URL = {https://royalsocietypublishing.org/doi/10.1098/rsta.2019.0302},
  DATE = {2020-08-17},
  DOI = {10.1098/rsta.2019.0302},
  JOURNALTITLE = {Philosophical Transactions of the Royal Society A: Mathematical, Physical and Engineering Sciences},
  KEYWORDS = {Henry Moseley,the periodic table,X-ray spectroscopy},
  NUMBER = {2180},
  PAGES = {20190302},
  TITLE = {Henry {{Moseley}}, {{X-ray}} spectroscopy and the periodic table},
  URLDATE = {2023-08-03},
  VOLUME = {378},
}

@BOOK{Wickham2016,
  AUTHOR = {Wickham, Hadley Alexander},
  PUBLISHER = {Springer},
  URL = {https://ggplot2.tidyverse.org},
  DATE = {2016},
  EDITION = {2},
  ISBN = {978-3-319-24277-4},
  KEYWORDS = {R-project},
  TITLE = {{{ggplot2}}: {{Elegant}} graphics for data analysis},
}

@BOOK{Delerue2004,
  AUTHOR = {Delerue, Christophe and Lannoo, Michel},
  EDITORB = {Avouris, Phaedon and Von Klitzing, Klaus and Sakaki, Hiroyuki and Wiesendanger, Roland},
  LOCATION = {Berlin, Heidelberg},
  PUBLISHER = {Springer Berlin Heidelberg},
  URL = {http://link.springer.com/10.1007/978-3-662-08903-3},
  DATE = {2004},
  DOI = {10.1007/978-3-662-08903-3},
  EDITORBTYPE = {redactor},
  ISBN = {978-3-642-05847-9},
  KEYWORDS = {exciton},
  SERIES = {{{NanoScience}} and {{Technology}}},
  TITLE = {Nanostructures: theory and modeling},
  URLDATE = {2023-08-15},
}

@ARTICLE{Frohlich1937,
  AUTHOR = {Fröhlich, H.},
  URL = {https://www.sciencedirect.com/science/article/pii/S0031891437801433},
  DATE = {1937-05-01},
  DOI = {10.1016/S0031-8914(37)80143-3},
  ISSN = {0031-8914},
  JOURNALTITLE = {Physica},
  NUMBER = {5},
  PAGES = {406--412},
  SHORTJOURNAL = {Physica},
  TITLE = {Die spezifische wärme der elektronen kleiner metallteilchen bei tiefen temperaturen},
  URLDATE = {2023-10-23},
  VOLUME = {4},
}

@REPORT{Linke2023,
  AUTHOR = {Linke, Heiner},
  INSTITUTION = {The Royal Swedish Academy of Sciences},
  URL = {https://www.nobelprize.org/uploads/2023/10/advanced-chemistryprize2023.pdf},
  DATE = {2023-10-04},
  KEYWORDS = {Nobel Prize,quantum dots},
  PAGES = {17},
  TITLE = {Quantum dots: seeds of nanoscience},
}

@ARTICLE{Sandomirskii1963,
  AUTHOR = {Sandomirskiǐ, V. B.},
  URL = {http://jetp.ras.ru/cgi-bin/e/index/e/16/6/p1630?a=list},
  DATE = {1963},
  JOURNALTITLE = {Soviet Journal of Experimental and Theoretical Physics},
  LANGID = {english},
  NUMBER = {6},
  PAGES = {1630},
  TITLE = {Dependence of the forbidden-band width of semiconducting films on their thickness and temperature},
  VOLUME = {16},
}

@ARTICLE{Brus1984a,
  AUTHOR = {Brus, L. E.},
  URL = {https://doi.org/10.1063/1.447218},
  DATE = {1984-05-01},
  DOI = {10.1063/1.447218},
  ISSN = {0021-9606},
  JOURNALTITLE = {The Journal of Chemical Physics},
  NUMBER = {9},
  PAGES = {4403--4409},
  SHORTJOURNAL = {The Journal of Chemical Physics},
  SHORTTITLE = {Electron–electron and electron-hole interactions in small semiconductor crystallites},
  TITLE = {Electron–electron and electron-hole interactions in small semiconductor crystallites: {{The}} size dependence of the lowest excited electronic state},
  URLDATE = {2023-10-23},
  VOLUME = {80},
}

@ARTICLE{Law2004,
  AUTHOR = {Law, Matt and Goldberger, Joshua and Yang, Peidong},
  URL = {http://arjournals.annualreviews.org/doi/abs/10.1146%2Fannurev.matsci.34.040203.112300},
  DATE = {2004-08-04},
  DOI = {10.1146/annurev.matsci.34.040203.112300},
  ISSN = {1531-7331},
  JOURNALTITLE = {Annual Review of Materials Research},
  KEYWORDS = {and nanotubes exhibit novel,and possible,electronic and,heterostructure,i abstract semiconductor nanowires,nanotube,nanowire,of compo-,optical properties owing to,quantum confinement,their unique structural one-dimensionality,two dimensions,vapor-liquid-solid process,with a broad selection},
  NUMBER = {1},
  PAGES = {83--122},
  TITLE = {Semiconductor nanowires and nanotubes},
  VOLUME = {34},
}

@BOOK{Jimenez2016,
  AUTHOR = {Jimenez, Juan and Tomm, Jens W.},
  LOCATION = {Cham},
  PUBLISHER = {Springer International Publishing},
  URL = {http://link.springer.com/10.1007/978-3-319-42349-4},
  DATE = {2016},
  DOI = {10.1007/978-3-319-42349-4},
  ISBN = {978-3-319-42347-0},
  KEYWORDS = {Analytical semiconductor spectroscopy,Cathodoluminescence,Luminescence techniques,Photoelectrical properties of semiconductors,Photoelectrical spectroscopy,Photoluminescence techniques,Raman spectroscopy,Spectroscopic equipment and methods,starred},
  LANGID = {english},
  SERIES = {Springer {{Series}} in {{Optical Sciences}}},
  TITLE = {Spectroscopic analysis of optoelectronic semiconductors},
  URLDATE = {2022-09-01},
  VOLUME = {202},
}

@ARTICLE{Jacobsson2011,
  AUTHOR = {Jacobsson, T. Jesper and Edvinsson, Tomas},
  URL = {http://www.ncbi.nlm.nih.gov/pubmed/21875043},
  DATE = {2011-10-03},
  DOI = {10.1021/ic201327n},
  EPRINT = {21875043},
  EPRINTTYPE = {pmid},
  ISSN = {0020-1669},
  JOURNALTITLE = {Inorganic Chemistry},
  KEYWORDS = {band gap,Edvinsson,quantum dots,zinc oxide},
  NUMBER = {19},
  PAGES = {9578--9586},
  SHORTJOURNAL = {Inorg. Chem.},
  TITLE = {Absorption and fluorescence spectroscopy of growing {{ZnO}} quantum dots: size and band gap correlation and evidence of mobile trap states},
  VOLUME = {50},
}

@ARTICLE{Kayanuma1988,
  AUTHOR = {Kayanuma, Yosuke},
  URL = {http://link.aps.org/doi/10.1103/PhysRevB.38.9797},
  DATE = {1988-11},
  DOI = {10.1103/PhysRevB.38.9797},
  ISSN = {0163-1829},
  JOURNALTITLE = {Physical Review B},
  KEYWORDS = {JZ-highlight,quantum size effect},
  NUMBER = {14},
  PAGES = {9797--9805},
  TITLE = {Quantum-size effects of interacting electrons and holes in semiconductor microcrystals with spherical shape},
  URLDATE = {2012-11-18},
  VOLUME = {38},
}

@BOOK{Adachi1999a,
  AUTHOR = {Adachi, Sadao},
  LOCATION = {Boston, MA},
  PUBLISHER = {Springer US},
  URL = {http://link.springer.com/10.1007/978-1-4615-5241-3},
  DATE = {1999},
  DOI = {10.1007/978-1-4615-5241-3},
  ISBN = {978-1-4613-7389-6},
  KEYWORDS = {\_tablet},
  PAGETOTAL = {271},
  TITLE = {Optical properties of crystalline and amorphous semiconductors: materials and fundamental principles},
  URLDATE = {2014-12-30},
}

@ARTICLE{Quintana2007,
  AUTHOR = {Quintana, María and Edvinsson, Tomas and Hagfeldt, Anders and Boschloo, Gerrit},
  URL = {http://pubs.acs.org/doi/abs/10.1021/jp065948f},
  DATE = {2007-01},
  DOI = {10.1021/jp065948f},
  ISSN = {1932-7447},
  JOURNALTITLE = {Journal of Physical Chemistry C},
  KEYWORDS = {carrier lifetime,charge transport,DSSC,Edvinsson,IMPS,intensity-modulated photovoltage spectroscopy,titanium oxide,zinc oxide},
  NUMBER = {2},
  PAGES = {1035--1041},
  SHORTJOURNAL = {J. Phys. Chem. C},
  TITLE = {Comparison of dye-sensitized {{ZnO}} and {{TiO}}{$_2$} solar cells: studies of charge transport and carrier lifetime},
  VOLUME = {111},
}

@ARTICLE{Ozgur2005,
  AUTHOR = {Özgür, Ü. and Alivov, Ya I. and Liu, C. and Teke, A. and Reshchikov, M. A. and Doğan, S. and Avrutin, V. and Cho, S.-J. and Morkoç, H.},
  URL = {http://aip.scitation.org/doi/10.1063/1.1992666},
  DATE = {2005-08-15},
  DOI = {10.1063/1.1992666},
  ISSN = {0021-8979},
  JOURNALTITLE = {Journal of Applied Physics},
  KEYWORDS = {starred,zinc oxide},
  NUMBER = {4},
  PAGES = {041301},
  SHORTJOURNAL = {J. Appl. Phys.},
  TITLE = {A comprehensive review of {{ZnO}} materials and devices},
  VOLUME = {98},
}

@ARTICLE{Jafari2016,
  AUTHOR = {Jafari, Tahereh and Moharreri, Ehsan and Amin, Alireza and Miao, Ran and Song, Wenqiao and Suib, Steven},
  URL = {http://www.mdpi.com/1420-3049/21/7/900},
  DATE = {2016-07-09},
  DOI = {10.3390/molecules21070900},
  ISSN = {1420-3049},
  JOURNALTITLE = {Molecules},
  KEYWORDS = {hydrogen,metal oxides,nanomaterials,nanotechnology,photocatalysis,semiconductors,solar fuels,water splitting},
  NUMBER = {7},
  PAGES = {900},
  TITLE = {Photocatalytic water splitting---{{The}} untamed dream: a review of recent advances},
  VOLUME = {21},
}

@ARTICLE{Jogi2015,
  AUTHOR = {Jõgi, Indrek and Jacobsson, T. Jesper and Fondell, Mattis and Wätjen, Timo and Carlsson, Jan-Otto and Boman, Mats and Edvinsson, Tomas},
  URL = {http://pubs.acs.org/doi/10.1021/acs.langmuir.5b03376},
  DATE = {2015-11-17},
  DOI = {10.1021/acs.langmuir.5b03376},
  ISSN = {0743-7463},
  JOURNALTITLE = {Langmuir},
  KEYWORDS = {\_tablet,Edvinsson,iron oxides,Raman spectroscopy,XRD},
  NUMBER = {45},
  PAGES = {12372--12381},
  TITLE = {Phase formation behavior in ultrathin iron oxide},
  VOLUME = {31},
}

@ARTICLE{Chernyshova2007,
  AUTHOR = {Chernyshova, I. V. and Hochella Jr, M. F. and Madden, A. S.},
  URL = {http://www.ncbi.nlm.nih.gov/pubmed/17396185},
  DATE = {2007-04-14},
  DOI = {10.1039/b618790k},
  EPRINT = {17396185},
  EPRINTTYPE = {pmid},
  ISSN = {1463-9076},
  JOURNALTITLE = {Physical Chemistry Chemical Physics},
  KEYWORDS = {hematite,IR,iron oxide,maghemite,Microscopy,Models,Molecular,Nanoparticles,Particle Size,Phase Transition,Raman spectroscopy,Sensitivity and Specificity,Spectroscopy,Spectrum Analysis,TEM,Temperature,Transmission,Transmission: methods,Transmission/methods,Vibration,XRD},
  NUMBER = {14},
  PAGES = {1736},
  TITLE = {Size-dependent structural transformations of hematite nanoparticles. 1. {{Phase}} transition},
  URLDATE = {2013-05-29},
  VOLUME = {9},
}

@ARTICLE{Rendon1981,
  AUTHOR = {Rendon, Jose L. and Serna, Carlos J.},
  DATE = {1981},
  DOI = {10.1180/claymin.1981.016.4.06},
  ISSN = {0009-8558},
  JOURNALTITLE = {Clay Minerals},
  KEYWORDS = {hematite,IR,iron oxide},
  NUMBER = {4},
  PAGES = {375--382},
  TITLE = {{{IR}} spectra of powder hematite: effects of particle size and shape},
  VOLUME = {16},
}

@ARTICLE{Owens2006,
  AUTHOR = {Owens, Frank J. and Orosz, Joseph},
  URL = {http://linkinghub.elsevier.com/retrieve/pii/S0038109806001177},
  DATE = {2006-04},
  DOI = {10.1016/j.ssc.2006.01.049},
  ISSN = {00381098},
  JOURNALTITLE = {Solid State Communications},
  KEYWORDS = {c,e,hematite,iron oxide,magnetite,magnons,nanoparticle,nanoparticles,Raman spectroscopy,XRD},
  NUMBER = {2},
  PAGES = {95--98},
  TITLE = {Effect of nanosizing on lattice and magnon modes of hematite},
  URLDATE = {2013-08-22},
  VOLUME = {138},
}

@ARTICLE{Massey1990,
  AUTHOR = {Massey, M. J. and Baier, U. and Merlin, R. and Weber, W. H.},
  URL = {http://link.aps.org/doi/10.1103/PhysRevB.41.7822},
  DATE = {1990-04-15},
  DOI = {10.1103/PhysRevB.41.7822},
  EPRINT = {9993079},
  EPRINTTYPE = {pmid},
  ISSN = {0163-1829},
  JOURNALTITLE = {Physical Review B},
  KEYWORDS = {\_tablet,hematite,iron oxide,Raman spectroscopy,single-crystalline},
  NUMBER = {11},
  PAGES = {7822--7827},
  TITLE = {Effects of pressure and isotopic substitution on the {{Raman}} spectrum of {$\alpha$}-{{Fe}}{$_{2}$}{{O}}{$_3$}: {{Identification}} of two-magnon scattering},
  URLDATE = {2013-08-22},
  VOLUME = {41},
}

@ARTICLE{deFaria1997,
  AUTHOR = {de Faria, D. L. A. and Venâncio Silva, S. and de Oliveira, M. T.},
  URL = {http://doi.wiley.com/10.1002/%28SICI%291097-4555%28199711%2928%3A11%3C873%3A%3AAID-JRS177%3E3.3.CO%3B2-2},
  DATE = {1997-11},
  DOI = {10.1002/(SICI)1097-4555(199711)28:11<873::AID-JRS177>3.3.CO;2-2},
  ISSN = {03770486},
  JOURNALTITLE = {Journal of Raman Spectroscopy},
  KEYWORDS = {\_tablet,iron oxide,iron oxyhydroxide,Raman spectroscopy},
  NUMBER = {11},
  PAGES = {873--878},
  TITLE = {Raman microspectroscopy of some iron oxides and oxyhydroxides},
  VOLUME = {28},
}

@ARTICLE{Chamritski2005,
  AUTHOR = {Chamritski, Irina and Burns, Gary},
  URL = {http://www.ncbi.nlm.nih.gov/pubmed/16863155},
  DATE = {2005-03-24},
  DOI = {10.1021/jp048748h},
  EPRINT = {16863155},
  EPRINTTYPE = {pmid},
  ISSN = {1520-6106},
  JOURNALTITLE = {The Journal of Physical Chemistry B},
  KEYWORDS = {hematite,IR,iron oxide,maghemite,magnetite,Raman spectroscopy},
  NUMBER = {11},
  PAGES = {4965--4968},
  TITLE = {Infrared- and {{Raman-active}} phonons of magnetite, maghemite, and hematite: a computer simulation and spectroscopic study},
  VOLUME = {109},
}

@ARTICLE{Rong2022,
  AUTHOR = {Rong, Ping and Jiang, Ya-Fei and Wang, Qi and Gu, Meng and Jiang, Xue-Lian and Yu, Qi},
  PUBLISHER = {The Royal Society of Chemistry},
  URL = {http://pubs.rsc.org/en/content/articlelanding/2022/ta/d1ta09954j},
  DATE = {2022-03-15},
  DOI = {10.1039/D1TA09954J},
  ISSN = {2050-7496},
  JOURNALTITLE = {Journal of Materials Chemistry A},
  KEYWORDS = {methylene blue,zinc oxide},
  LANGID = {english},
  NUMBER = {11},
  PAGES = {6231--6241},
  SHORTJOURNAL = {J. Mater. Chem. A},
  TITLE = {Photocatalytic degradation of methylene blue ({{MB}}) with {{Cu}}{$_1$}–{{ZnO}} single atom catalysts on graphene-coated flexible substrates},
  URLDATE = {2022-08-17},
  VOLUME = {10},
}

@ARTICLE{Sharma2020,
  AUTHOR = {Sharma, Surbhi and Kumar, Dheeraj and Khare, Neeraj},
  PUBLISHER = {IOP Publishing},
  URL = {https://doi.org/10.1088%2F1361-6528%2Fabad5b},
  DATE = {2020-08},
  DOI = {10.1088/1361-6528/abad5b},
  ISSN = {0957-4484},
  JOURNALTITLE = {Nanotechnology},
  KEYWORDS = {methylene blue,zinc oxide},
  LANGID = {english},
  NUMBER = {46},
  PAGES = {465402},
  SHORTJOURNAL = {Nanotechnology},
  SHORTTITLE = {Hierarchical {{PANI}}/{{ZnO}} nanocomposite},
  TITLE = {Hierarchical {{PANI}}/{{ZnO}} nanocomposite: synthesis and synergistic effect of shape-selective {{ZnO}} nanoflowers and polyaniline sensitization for efficient photocatalytic dye degradation and photoelectrochemical water splitting},
  URLDATE = {2020-08-31},
  VOLUME = {31},
}

@ARTICLE{Baruah2009,
  AUTHOR = {Baruah, Sunandan and Sinha, Sudarson Sekhar and Ghosh, Barnali and Pal, Samir Kumar and Raychaudhuri, A. K. and Dutta, Joydeep},
  URL = {http://aip.scitation.org/doi/10.1063/1.3100221},
  DATE = {2009-04},
  DOI = {10.1063/1.3100221},
  ISSN = {0021-8979},
  JOURNALTITLE = {Journal of Applied Physics},
  KEYWORDS = {methylene blue,zinc oxide},
  NUMBER = {7},
  PAGES = {074308},
  SHORTJOURNAL = {J. Appl. Phys.},
  TITLE = {Photoreactivity of {{ZnO}} nanoparticles in visible light: effect of surface states on electron transfer reaction},
  VOLUME = {105},
}

@ARTICLE{Saravanan2010,
  AUTHOR = {Saravanan, R. and Shankar, H. and Prakash, T. and Narayanan, V. and Stephen, A.},
  PUBLISHER = {Elsevier B.V.},
  URL = {http://linkinghub.elsevier.com/retrieve/pii/S0254058410007571},
  DATE = {2010-10},
  DOI = {10.1016/j.matchemphys.2010.09.030},
  ISSN = {02540584},
  JOURNALTITLE = {Materials Chemistry and Physics},
  KEYWORDS = {cadmium oxide,methylene blue,nanorods,thermal decomposition,zinc oxide},
  PAGES = {28--31},
  TITLE = {{{ZnO}}/{{CdO}} composite nanorods for photocatalytic degradation of methylene blue under visible light},
  URLDATE = {2010-10-20},
}

@ARTICLE{Pauporte2007,
  AUTHOR = {Pauporte, T. and Rathousky, J.},
  PUBLISHER = {AMER CHEMICAL SOC},
  URL = {http://apps.isiknowledge.com.ezproxy.its.uu.se/full_record.do?product=WOS&search_mode=Analyze&qid=3&SID=S2AEbKFB5ebOeaHgpG1&page=1&doc=7},
  DATE = {2007-05-31},
  DOI = {10.1021/jp071465f},
  ISSN = {1932-7447},
  JOURNALTITLE = {Journal of Physical Chemistry C},
  KEYWORDS = {electrodeposition,methylene blue,mineralisation,photocatalytic degradation,titanium oxide},
  NUMBER = {21},
  PAGES = {7639--7644},
  SHORTJOURNAL = {J. Phys. Chem. C},
  TITLE = {Electrodeposited mesoporous {{ZnO}} thin films as efficient photocatalysts for the degradation of dye pollutants},
  VOLUME = {111},
}

@ARTICLE{Bergmann1963,
  AUTHOR = {Bergmann, K. and O'Konski, C. T.},
  URL = {http://pubs.acs.org/doi/abs/10.1021/j100804a048},
  DATE = {1963-10},
  DOI = {10.1021/j100804a048},
  ISSN = {0022-3654},
  JOURNALTITLE = {Journal of Physical Chemistry},
  KEYWORDS = {metachromasy,methylene blue},
  NUMBER = {10},
  PAGES = {2169--2177},
  SHORTJOURNAL = {J. Phys. Chem.},
  TITLE = {A spectroscopic study of methylene blue monomer, dimer, and complexes with montmorillonite},
  VOLUME = {67},
}

@ARTICLE{Cenens1988,
  AUTHOR = {Cenens, J. and Schoonheydt, R. A.},
  URL = {http://www.scopus.com/inward/record.url?eid=2-s2.0-0024029208&partnerID=tZOtx3y1},
  DATE = {1988},
  DOI = {10.1346/CCMN.1988.0360302},
  ISSN = {0009-8604},
  JOURNALTITLE = {Clays and Clay Minerals},
  KEYWORDS = {barasym,hectorite,laponite,metachromasy,methylene blue,sepiolite,visible spectroscopy},
  NUMBER = {3},
  PAGES = {214--224},
  SHORTJOURNAL = {Clays Clay Miner.},
  TITLE = {Visible spectroscopy of methylene blue on hectorite, {{Laponite B}}, and {{Barasym}} in aqueous suspension},
  VOLUME = {36},
}

@ARTICLE{Ruprecht1984,
  AUTHOR = {Ruprecht, J. and Baumgärtel, H.},
  URL = {http://doi.wiley.com/10.1002/bbpc.19840880213},
  DATE = {1984-02},
  DOI = {10.1002/bbpc.19840880213},
  ISSN = {00059021},
  JOURNALTITLE = {Berichte der Bunsen-Gesellschaft fur physikalische Chemie},
  KEYWORDS = {metachromasy},
  NUMBER = {2},
  PAGES = {145--150},
  SHORTJOURNAL = {Ber. Bunsen-Ges.},
  TITLE = {The influence of the electronic structure on the dimerization of phenthiazonium cations in aqueous solution},
  VOLUME = {88},
}

@ARTICLE{Schubert1955,
  AUTHOR = {Schubert, Maxwell and Levine, Anne},
  URL = {http://pubs.acs.org/doi/abs/10.1021/ja01621a004},
  DATE = {1955-08},
  DOI = {10.1021/ja01621a004},
  ISSN = {0002-7863},
  JOURNALTITLE = {Journal of the American Chemical Society},
  KEYWORDS = {metachromasy},
  NUMBER = {16},
  PAGES = {4197--4201},
  SHORTJOURNAL = {J. Am. Chem. Soc.},
  TITLE = {A qualitative theory of metachromasy in solution},
  VOLUME = {77},
}

@ARTICLE{Singhal1967,
  AUTHOR = {Singhal, G S and Rabinowitch, Eugene},
  URL = {http://pubs.acs.org/doi/abs/10.1021/j100869a039},
  DATE = {1967-09},
  DOI = {10.1021/j100869a039},
  ISSN = {0022-3654},
  JOURNALTITLE = {The Journal of Physical Chemistry},
  KEYWORDS = {methylene blue},
  NUMBER = {10},
  PAGES = {3347--3349},
  TITLE = {Changes in the absorption spectrum of methylene blue with {{pH}}},
  VOLUME = {71},
}

@ARTICLE{Heger2005,
  AUTHOR = {Heger, Dominik and Jirkovský, Jaromír and Klán, Petr},
  URL = {http://pubs.acs.org/doi/abs/10.1021/jp050439j},
  DATE = {2005-08},
  DOI = {10.1021/jp050439j},
  EPRINT = {16834023},
  EPRINTTYPE = {pmid},
  ISSN = {1089-5639},
  JOURNALTITLE = {Journal of Physical Chemistry A},
  KEYWORDS = {methylene blue},
  NUMBER = {30},
  PAGES = {6702--6709},
  SHORTJOURNAL = {J. Phys. Chem. A},
  TITLE = {Aggregation of methylene blue in frozen aqueous solutions studied by absorption spectroscopy},
  VOLUME = {109},
}

@ARTICLE{Lewis1943,
  AUTHOR = {Lewis, G. N. and Goldschmid, O. and Magel, T. T. and Bigeleisen, J.},
  URL = {http://pubs.acs.org/doi/abs/10.1021/ja01246a037},
  DATE = {1943-06},
  DOI = {10.1021/ja01246a037},
  ISSN = {0002-7863},
  JOURNALTITLE = {Journal of the American Chemical Society},
  KEYWORDS = {methylene blue},
  NUMBER = {6},
  PAGES = {1150--1154},
  SHORTJOURNAL = {J. Am. Chem. Soc.},
  TITLE = {Dimeric and other forms of methylene blue: absorption and fluorescence of the pure monomer},
  VOLUME = {65},
}

@ARTICLE{Braswell1968,
  AUTHOR = {Braswell, Emory},
  URL = {http://pubs.acs.org/doi/abs/10.1021/j100853a035},
  DATE = {1968-07},
  DOI = {10.1021/j100853a035},
  ISSN = {0022-3654},
  JOURNALTITLE = {Journal of Physical Chemistry},
  KEYWORDS = {metachromasy,methylene blue},
  NUMBER = {7},
  PAGES = {2477--2483},
  SHORTJOURNAL = {J. Phys. Chem.},
  TITLE = {Evidence for trimerization in aqueous solutions of methylene blue},
  VOLUME = {72},
}

@ARTICLE{Fornili1981,
  AUTHOR = {Fornili, Sandro L. and Sgroi, Giuseppe and Izzo, Vincenzo},
  URL = {http://xlink.rsc.org/?DOI=f19817703049},
  DATE = {1981},
  DOI = {10.1039/f19817703049},
  ISSN = {0300-9599},
  JOURNALTITLE = {Journal of the Chemical Society, Faraday Transactions 1: Physical Chemistry in Condensed Phases},
  KEYWORDS = {metachromasy,methylene blue},
  NUMBER = {12},
  PAGES = {3049},
  SHORTJOURNAL = {J. Chem. Soc., Faraday Trans. 1},
  TITLE = {Solvent isotope effect in the monomer-dimer equilibrium of methylene blue},
  VOLUME = {77},
}

@ARTICLE{Mahmood2013,
  AUTHOR = {Mahmood, Talat and Anwer, Faiza and Mahmood, Iffat and Kishwar, Farah and Wahab, Aneela},
  DATE = {2013},
  JOURNALTITLE = {European Academic Research},
  KEYWORDS = {methylene blue},
  NUMBER = {6},
  PAGES = {2286--4822},
  TITLE = {Solvatochromic effect of methylene blue in different solvents with different polarity},
  VOLUME = {1},
}

@ARTICLE{Blandamer1967,
  AUTHOR = {Blandamer, M. J. and Brivati, J. A. and Fox, M. F. and Symons, M. C. R. and Verma, G. S. P.},
  URL = {http://xlink.rsc.org/?DOI=TF9676301850},
  DATE = {1967},
  DOI = {10.1039/TF9676301850},
  ISSN = {0014-7672},
  JOURNALTITLE = {Trans. Faraday Soc.},
  KEYWORDS = {alcohol},
  LANGID = {english},
  PAGES = {1850--1857},
  SHORTJOURNAL = {Trans. Faraday Soc.},
  TITLE = {Solvation spectra. {{Part}} 17.—{{Water-induced}} dimerization of various dye and related paramagnetic ions studied by optical and electron spin resonance spectroscopy},
  URLDATE = {2023-10-15},
  VOLUME = {63},
}

@ARTICLE{West1965,
  AUTHOR = {West, W. and Pearce, Sandra},
  URL = {https://pubs.acs.org/doi/abs/10.1021/j100890a019},
  DATE = {1965-06},
  DOI = {10.1021/j100890a019},
  ISSN = {0022-3654, 1541-5740},
  JOURNALTITLE = {The Journal of Physical Chemistry},
  KEYWORDS = {alcohol},
  LANGID = {english},
  NUMBER = {6},
  PAGES = {1894--1903},
  SHORTJOURNAL = {J. Phys. Chem.},
  TITLE = {The dimeric state of cyanine dyes},
  URLDATE = {2023-10-15},
  VOLUME = {69},
}

@ARTICLE{Zhang2012,
  AUTHOR = {Zhang, Haiyuan and Ji, Zhaoxia and Xia, Tian and Meng, Huan and Low-Kam, Cecile and Liu, Rong and Pokhrel, Suman and Lin, Sijie and Wang, Xiang and Liao, Yu-Pei and Wang, Meiying and Li, Linjiang and Rallo, Robert and Damoiseaux, Robert and Telesca, Donatello and Mädler, Lutz and Cohen, Yoram and Zink, Jeffrey I. and Nel, Andre E.},
  URL = {https://pubs.acs.org/doi/10.1021/nn3010087},
  DATE = {2012-05-22},
  DOI = {10.1021/nn3010087},
  ISSN = {1936-0851, 1936-086X},
  JOURNALTITLE = {ACS Nano},
  LANGID = {english},
  NUMBER = {5},
  PAGES = {4349--4368},
  SHORTJOURNAL = {ACS Nano},
  TITLE = {Use of metal oxide nanoparticle band gap to develop a predictive paradigm for oxidative stress and acute pulmonary inflammation},
  URLDATE = {2023-11-03},
  VOLUME = {6},
}

@ARTICLE{Zhang2021a,
  AUTHOR = {Zhang, Tingting and Zhu, Xuan and Guo, Jianhua and Gu, April Z. and Li, Dan and Chen, Jianmin},
  PUBLISHER = {American Chemical Society},
  URL = {https://doi.org/10.1021/acs.est.1c00573},
  DATE = {2021-05-18},
  DOI = {10.1021/acs.est.1c00573},
  ISSN = {0013-936X},
  JOURNALTITLE = {Environmental Science \& Technology},
  NUMBER = {10},
  PAGES = {6884--6896},
  SHORTJOURNAL = {Environ. Sci. Technol.},
  TITLE = {Toxicity assessment of nano-{{ZnO}} exposure on the human intestinal microbiome, metabolic functions, and resistome using an in vitro colon simulator},
  URLDATE = {2023-02-02},
  VOLUME = {55},
}

@ARTICLE{Moezzi2012,
  AUTHOR = {Moezzi, Amir and McDonagh, Andrew M. and Cortie, Michael B.},
  URL = {https://linkinghub.elsevier.com/retrieve/pii/S138589471200099X},
  DATE = {2012-03},
  DOI = {10.1016/j.cej.2012.01.076},
  ISSN = {13858947},
  JOURNALTITLE = {Chemical Engineering Journal},
  LANGID = {english},
  PAGES = {1--22},
  SHORTJOURNAL = {Chemical Engineering Journal},
  SHORTTITLE = {Zinc oxide particles},
  TITLE = {Zinc oxide particles: {{Synthesis}}, properties and applications},
  URLDATE = {2023-11-01},
  VOLUME = {185--186},
}

@ARTICLE{Jacobs2010,
  AUTHOR = {Jacobs, Klaus and Schulz, Detlev and Klimm, Detlef and Ganschow, Steffen},
  URL = {https://linkinghub.elsevier.com/retrieve/pii/S1293255809001873},
  DATE = {2010-03},
  DOI = {10.1016/j.solidstatesciences.2009.05.015},
  ISSN = {12932558},
  JOURNALTITLE = {Solid State Sciences},
  LANGID = {english},
  NUMBER = {3},
  PAGES = {307--310},
  SHORTJOURNAL = {Solid State Sciences},
  TITLE = {Melt growth of {{ZnO}} bulk crystals in {{Ir}} crucibles},
  URLDATE = {2023-11-01},
  VOLUME = {12},
}

@ARTICLE{Schulz2008,
  AUTHOR = {Schulz, Detlev and Ganschow, Steffen and Klimm, Detlef and Struve, Karin},
  URL = {https://linkinghub.elsevier.com/retrieve/pii/S0022024807009487},
  DATE = {2008-04},
  DOI = {10.1016/j.jcrysgro.2007.11.050},
  ISSN = {00220248},
  JOURNALTITLE = {Journal of Crystal Growth},
  LANGID = {english},
  NUMBER = {7-9},
  PAGES = {1832--1835},
  SHORTJOURNAL = {Journal of Crystal Growth},
  TITLE = {Inductively heated {{Bridgman}} method for the growth of zinc oxide single crystals},
  URLDATE = {2023-11-01},
  VOLUME = {310},
}

@ARTICLE{Katea2017,
  AUTHOR = {Katea, Sarmad Naim and Hajduk, Špela and Orel, Zorica Crnjak and Westin, Gunnar},
  URL = {http://pubs.acs.org/doi/10.1021/acs.inorgchem.7b02459},
  DATE = {2017-12-18},
  DOI = {10.1021/acs.inorgchem.7b02459},
  ISSN = {0020-1669},
  JOURNALTITLE = {Inorganic Chemistry},
  KEYWORDS = {\_tablet},
  NUMBER = {24},
  PAGES = {15150--15158},
  TITLE = {Low cost, fast solution synthesis of {{3D}} framework {{ZnO}} nanosponges},
  VOLUME = {56},
}

@ARTICLE{Thyr2023,
  AUTHOR = {Thyr, Jakob and Edvinsson, Tomas},
  URL = {https://onlinelibrary.wiley.com/doi/10.1002/anie.202219047},
  DATE = {2023-10-23},
  DOI = {10.1002/anie.202219047},
  ISSN = {1433-7851, 1521-3773},
  JOURNALTITLE = {Angewandte Chemie International Edition},
  KEYWORDS = {Edvinsson,Raman spectroscopy},
  LANGID = {english},
  NUMBER = {43},
  PAGES = {e202219047},
  SHORTJOURNAL = {Angew Chem Int Ed},
  SHORTTITLE = {Evading the illusions},
  TITLE = {Evading the illusions: identification of false peaks in micro-{{Raman}} spectroscopy and guidelines for scientific best practice},
  URLDATE = {2023-10-21},
  VOLUME = {62},
}

@ARTICLE{Thyr2021,
  AUTHOR = {Thyr, Jakob and Österlund, Lars and Edvinsson, Tomas},
  URL = {https://onlinelibrary.wiley.com/doi/abs/10.1002/jrs.6148},
  DATE = {2021},
  DOI = {10.1002/jrs.6148},
  ISSN = {1097-4555},
  JOURNALTITLE = {Journal of Raman Spectroscopy},
  KEYWORDS = {\_tablet,crystal orientation,DFT,Edvinsson,Raman spectroscopy,zinc oxide},
  LANGID = {english},
  NUMBER = {8},
  PAGES = {1395--1405},
  SHORTTITLE = {Polarized and non-polarized {{Raman}} spectroscopy of {{ZnO}} crystals},
  TITLE = {Polarized and non-polarized {{Raman}} spectroscopy of {{ZnO}} crystals: {{Method}} for determination of crystal growth and crystal plane orientation for nanomaterials},
  URLDATE = {2023-01-06},
  VOLUME = {52},
}

@ARTICLE{Ashkenov2003,
  AUTHOR = {Ashkenov, N. and Mbenkum, B. N. and Bundesmann, C. and Riede, V. and Lorenz, M. and Spemann, D. and Kaidashev, E. M. and Kasic, A. and Schubert, M. and Grundmann, M. and Wagner, G. and Neumann, H. and Darakchieva, V. and Arwin, H. and Monemar, B.},
  URL = {http://link.aip.org/link/JAPIAU/v93/i1/p126/s1&Agg=doi},
  DATE = {2003},
  DOI = {10.1063/1.1526935},
  ISSN = {00218979},
  JOURNALTITLE = {Journal of Applied Physics},
  KEYWORDS = {\_tablet,Raman spectroscopy,zinc oxide},
  NUMBER = {1},
  PAGES = {126},
  TITLE = {Infrared dielectric functions and phonon modes of high-quality {{ZnO}} films},
  URLDATE = {2011-08-29},
  VOLUME = {93},
}

@ARTICLE{Cheng2006,
  AUTHOR = {Cheng, Hsin Ming and Lin, Kuo Feng and Hsu, Hsu Cheng and Hsieh, Wen Feng},
  DATE = {2006},
  DOI = {10.1063/1.2217925},
  ISSN = {00036951},
  JOURNALTITLE = {Applied Physics Letters},
  KEYWORDS = {\_tablet},
  NUMBER = {26},
  PAGES = {2004--2007},
  TITLE = {Size dependence of photoluminescence and resonant {{Raman}} scattering from {{ZnO}} quantum dots},
  VOLUME = {88},
}

@ARTICLE{Fan2012,
  AUTHOR = {Fan, Donghua and Zhang, Rong and Zhu, Yufu and Peng, Huiren},
  PUBLISHER = {Elsevier},
  URL = {http://dx.doi.org/10.1016/j.physb.2012.05.011},
  DATE = {2012-09},
  DOI = {10.1016/j.physb.2012.05.011},
  ISSN = {09214526},
  JOURNALTITLE = {Physica B: Condensed Matter},
  KEYWORDS = {\_tablet,Electron-phonon coupling,Surface optical mode,ZnO nanocomb},
  NUMBER = {17},
  PAGES = {3510--3514},
  TITLE = {Size dependence of surface optical mode and electron–phonon coupling in {{ZnO}} nanocombs},
  VOLUME = {407},
}

@ARTICLE{Gandhi2018,
  AUTHOR = {Gandhi, Ashish C. and Yeoh, Wei-Shan and Wu, Ming-An and Liao, Ching-Hao and Chiu, Dai-Yao and Yeh, Wei-Li and Huang, Yue-Lin},
  URL = {https://www.mdpi.com/2079-4991/8/8/632},
  DATE = {2018-08},
  DOI = {10.3390/nano8080632},
  JOURNALTITLE = {Nanomaterials},
  KEYWORDS = {\_tablet,electron–phonon coupling,polar semiconductors,quantum confinement,Raman scattering,zinc oxide},
  LANGID = {english},
  NUMBER = {8},
  PAGES = {632},
  TITLE = {New insights into the role of weak electron-phonon coupling in nanostructured {{ZnO}} thin films},
  URLDATE = {2019-12-12},
  VOLUME = {8},
}

@ARTICLE{Ojha2014,
  AUTHOR = {Ojha, Animesh K. and Srivastava, Manish and Kumar, Sumeet and Hassanein, Rasha and Singh, Jay and Singh, Manish K. and Materny, Arnulf},
  PUBLISHER = {Elsevier B.V.},
  URL = {http://dx.doi.org/10.1016/j.vibspec.2014.02.013},
  DATE = {2014},
  DOI = {10.1016/j.vibspec.2014.02.013},
  ISSN = {09242031},
  JOURNALTITLE = {Vibrational Spectroscopy},
  KEYWORDS = {\_tablet,Electron-phonon coupling,Fröhlich interaction,Nanocrystals,Raman spectroscopy,ZnO},
  PAGES = {90--96},
  TITLE = {Influence of crystal size on the electron-phonon coupling in {{ZnO}} nanocrystals investigated by {{Raman}} spectroscopy},
  VOLUME = {72},
}

@ARTICLE{Shinde2010,
  AUTHOR = {Shinde, S. S. and Shinde, P. S. and Sathe, V. G. and Barman, S. R. and Bhosale, C. H. and Rajpure, K. Y.},
  PUBLISHER = {Elsevier B.V.},
  URL = {http://dx.doi.org/10.1016/j.molstruc.2010.09.026},
  DATE = {2010},
  DOI = {10.1016/j.molstruc.2010.09.026},
  ISSN = {0022-2860},
  JOURNALTITLE = {Journal of Molecular Structure},
  KEYWORDS = {\_tablet},
  NUMBER = {1-3},
  PAGES = {186--193},
  TITLE = {Electron--phonon interaction and size effect study in catalyst based zinc oxide thin films},
  VOLUME = {984},
}

@ARTICLE{Wang2004a,
  AUTHOR = {Wang, R. P. and Xu, G. and Jin, P.},
  URL = {https://link.aps.org/doi/10.1103/PhysRevB.69.113303},
  DATE = {2004-03-12},
  DOI = {10.1103/PhysRevB.69.113303},
  ISSN = {1098-0121},
  JOURNALTITLE = {Physical Review B},
  KEYWORDS = {\_tablet},
  NUMBER = {11},
  PAGES = {113303},
  TITLE = {Size dependence of electron-phonon coupling in {{ZnO}} nanowires},
  VOLUME = {69},
}

@INPROCEEDINGS{Hsieh2005,
  AUTHOR = {{Wen-Feng Hsieh} and {Hsin-Ming Cheng} and {Kuo-Feng Lin} and {Hsu-Cheng Hsu}},
  PUBLISHER = {IEEE},
  URL = {http://ieeexplore.ieee.org/document/1569477/},
  BOOKTITLE = {2005 {{Pacific Rim Conference}} on {{Lasers}} \& {{Electro-Optics}}},
  DATE = {2005},
  DOI = {10.1109/CLEOPR.2005.1569477},
  ISBN = {0-7803-9242-6},
  KEYWORDS = {\_tablet},
  PAGES = {466--468},
  TITLE = {Size dependence of band gap variation and electron-phonon coupling in {{ZnO}} quantum dots},
}

@THESIS{Erbs1985,
  AUTHOR = {Erbs, Wilson},
  INSTITUTION = {Ecole Polytechnique Federale de Lausanne},
  URL = {http://library.epfl.ch/theses/?nr=574},
  DATE = {1985},
  DOI = {10.5075/epfl-thesis-574},
  KEYWORDS = {photocatalysis},
  TITLE = {Photocatalysis in semiconductors systems, hydrogen generation and photooxidation of water},
  TYPE = {phdthesis},
}

@SOFTWARE{Wright2023,
  AUTHOR = {Wright, Joseph},
  URL = {https://ctan.org/pkg/siunitx},
  DATE = {2023-01-03},
  KEYWORDS = {LaTeX,SI unit system},
  TITLE = {{{siunitx}} -- {{A}} comprehensive ({{SI}}) units package},
  VERSION = {3.2.0},
}

@BOOK{Xie2015,
  title = {Dynamic documents with {{R}} and knitr},
  author = {Xie, Yihui},
  date = {2015},
  journaltitle = {Dynamic Documents with R and knitr},
  edition = {2},
  publisher = {{CRC Press}},
  issn = {1548-7660},
  isbn = {978-1-4822-0353-0},
  pagetotal = {294},
  keywords = {knitr,R-project},
}

@SOFTWARE{Kime2023,
  title = {The biblatex package},
  author = {Kime, Philip and Wemheuer, Moritz and Lehman, Philipp},
  date = {2023-03-05},
  url = {https://www.ctan.org/pkg/biblatex},
  organization = {{CTAN}},
  version = {3.19},
  keywords = {LaTeX},
}

@SOFTWARE{Kime2022,
  title = {biber: {{A}} backend bibliography processor for biblatex},
  author = {Kime, Philip and Charette, Fran\c{c}ois},
  date = {2022-07-06},
  url = {https://github.com/plk/biber},
  version = {2.18},
}

@THESIS{Abdellah2015,
  type = {phdthesis},
  title = {Ultrafast photoinduced processes in core and core-shell quantum dots for solar cell applications: {{Tiny}} crystals for big applications},
  author = {Abdellah, Mohamed Ahmed},
  date = {2015},
  institution = {{Lund university}},
  location = {{Lund}},
  isbn = {9789174223880},
}

@ARTICLE{Jeevanandam2018,
  title = {Review on nanoparticles and nanostructured materials: history, sources, toxicity and regulations},
  shorttitle = {Review on nanoparticles and nanostructured materials},
  author = {Jeevanandam, Jaison and Barhoum, Ahmed and Chan, Yen S and Dufresne, Alain and Danquah, Michael K},
  date = {2018-04-03},
  journaltitle = {Beilstein Journal of Nanotechnology},
  shortjournal = {Beilstein J Nanotechnol},
  volume = {9},
  eprint = {29719757},
  eprinttype = {pmid},
  pages = {1050--1074},
  issn = {2190-4286},
  doi = {10.3762/bjnano.9.98},
  pmcid = {PMC5905289},
}
